@Book{kopka04,
  author    = {Kopka, Helmut and Daly, Patrick W.},
  title     = {Guide to \LaTeX},
  publisher = {Addison-Wesley},
  year      = {2004},
  edition   = {4},
}

@Book{goossens04,
  author =    {Mittelbach, Frank and Goossens, Michel},
  title =     {The \LaTeX{} Companion},
  publisher = {Addison-Wesley},
  year =      {2004},
  edition =   {2},
}
@article{article_Wulf,
  author  = {Wulf, T.},
  pages   = {811-813},
  title   = {Beobachtungen über die Strahlung hoher Durch-dringungsfähigkeit auf dem Eiffelturm},
  volume  = {11},
  journal = {Phys. Z.}
}
@article{Hess:1912srp,
  author  = {Hess, Victor F.},
  title   = {{\"Uber Beobachtungen der durchdringenden Strahlung bei sieben Freiballonfahrten}},
  journal = {Phys. Z.},
  volume  = {13},
  pages   = {1084--1091},
  year    = {1912}
}

@article{Clay:1927I,
  author  = {Clay, Jacob},
  title   = { Penetrating radiation},
  journal = {Acad. Amsterdam Proc.},
  volume  = {30},
  pages   = {1115--1127},
  year    = {1927}
}

@article{Clay:1928II,
  author  = {Clay, Jacob},
  title   = { Penetrating radiation II},
  journal = {Acad. Amsterdam Proc.},
  volume  = {31},
  pages   = {1091--1097},
  year    = {1928}
}
@article{rossi1933eigenschaften,
  title     = {{\"U}ber die Eigenschaften der durchdringenden Korpuskularstrahlung im Meeresniveau},
  author    = {Rossi, Bruno},
  journal   = {Zeitschrift f{\"u}r Physik},
  volume    = {82},
  number    = {3},
  pages     = {151--178},
  year      = {1933},
  publisher = {Springer}
}
@article{schmeiser1938harten,
  title     = {Die harten ultrastrahlschauer},
  author    = {Schmeiser, Kurt and Bothe, W},
  journal   = {Annalen der Physik},
  volume    = {424},
  number    = {1-2},
  pages     = {161--177},
  year      = {1938},
  publisher = {Wiley Online Library}
}
@article{RevModPhys.11.288,
  title     = {Extensive Cosmic-Ray Showers},
  author    = {Auger, Pierre and Ehrenfest, P. and Maze, R. and Daudin, J. and Fr\'eon, Robley A.},
  journal   = {Rev. Mod. Phys.},
  volume    = {11},
  issue     = {3-4},
  pages     = {288--291},
  numpages  = {0},
  year      = {1939},
  month     = {Jul},
  publisher = {American Physical Society},
  doi       = {10.1103/RevModPhys.11.288},
  url       = {https://link.aps.org/doi/10.1103/RevModPhys.11.288}
}
@article{Auger:2015,
  volume    = {798},
  issn      = {0168-9002},
  url       = {http://dx.doi.org/10.1016/j.nima.2015.06.058},
  doi       = {10.1016/j.nima.2015.06.058},
  journal   = {Nuclear Instruments and Methods in Physics Research Section A: Accelerators, Spectrometers, Detectors and Associated Equipment},
  publisher = {Elsevier BV},
  year      = {2015},
  month     = oct,
  pages     = {172–213}
}

@article{Mussa_2022,
doi = {10.1088/1742-6596/2398/1/012006},
url = {https://dx.doi.org/10.1088/1742-6596/2398/1/012006},
year = {2022},
month = {dec},
publisher = {IOP Publishing},
volume = {2398},
number = {1},
pages = {012006},
author = {R Mussa and A. Vasquez and for the Pierre Auger Collaboration},
title = {Classification and Reconstruction of single and multiple ELVES in AUGER},
journal = {Journal of Physics: Conference Series},
abstract = {ELVES have been regularly studied since 2013 with the twenty-four telescopes of the Pierre Auger Observatory, exploiting a dedicated trigger and extended readout. A large fraction of the observed events shows double ELVES within the time window, and, in some cases, even more complex structures are observed. We classify double ELVES using the radial variation of the time gap and the photon flux ratio between flashes. Such parameters may be related to the different types of lightning in which they originated. We will review the cross correlations of the ELVES light emissions with the radio waves detected by the antennas of the ENTLN network, active in Argentina since late 2018. Further improvements of our detection and classification algorithms were achieved by detecting ELVES from closer lightning: since December 2020, the ELVES trigger was extended to the three High Elevation Auger Telescopes (HEAT), which observe the night sky at elevation angles between 30 and 60 degrees, with an enhanced time resolution (50 ns time binning). Both single and double ELVES are recorded with unprecedented time and space resolution. Events from the first year of data taking will be shown.}
}
@article{Abreu_2023,
  title     = {Limits to Gauge Coupling in the Dark Sector Set by the Nonobservation of Instanton-Induced Decay of Super-Heavy Dark Matter in the Pierre Auger Observatory Data},
  volume    = {130},
  issn      = {1079-7114},
  url       = {http://dx.doi.org/10.1103/PhysRevLett.130.061001},
  doi       = {10.1103/physrevlett.130.061001},
  number    = {6},
  journal   = {Physical Review Letters},
  publisher = {American Physical Society (APS)},
  author    = {Abreu, P. and Aglietta, M. and Albury, J. M. and Allekotte, I. and Almeida Cheminant, K. and Almela, A. and Aloisio, R. and Alvarez-Muñiz, J. and Alves Batista, R. and Ammerman Yebra, J. and Anastasi, G. A. and Anchordoqui, L. and Andrada, B. and Andringa, S. and Aramo, C. and Araújo Ferreira, P. R. and Arnone, E. and Arteaga Velázquez, J. C. and Asorey, H. and Assis, P. and Avila, G. and Avocone, E. and Badescu, A. M. and Bakalova, A. and Balaceanu, A. and Barbato, F. and Bellido, J. A. and Berat, C. and Bertaina, M. E. and Bhatta, G. and Biermann, P. L. and Binet, V. and Bismark, K. and Bister, T. and Biteau, J. and Blazek, J. and Bleve, C. and Blümer, J. and Boháčová, M. and Boncioli, D. and Bonifazi, C. and Bonneau Arbeletche, L. and Borodai, N. and Botti, A. M. and Brack, J. and Bretz, T. and Brichetto Orchera, P. G. and Briechle, F. L. and Buchholz, P. and Bueno, A. and Buitink, S. and Buscemi, M. and Büsken, M. and Caballero-Mora, K. S. and Caccianiga, L. and Canfora, F. and Caracas, I. and Caruso, R. and Castellina, A. and Catalani, F. and Cataldi, G. and Cazon, L. and Cerda, M. and Chinellato, J. A. and Chudoba, J. and Chytka, L. and Clay, R. W. and Cobos Cerutti, A. C. and Colalillo, R. and Coleman, A. and Coluccia, M. R. and Conceição, R. and Condorelli, A. and Consolati, G. and Contreras, F. and Convenga, F. and Correia dos Santos, D. and Covault, C. E. and Dasso, S. and Daumiller, K. and Dawson, B. R. and Day, J. A. and de Almeida, R. M. and de Jesús, J. and de Jong, S. J. and de Mello Neto, J. R. T. and De Mitri, I. and de Oliveira, J. and de Oliveira Franco, D. and de Palma, F. and de Souza, V. and De Vito, E. and Del Popolo, A. and del Río, M. and Deligny, O. and Deval, L. and di Matteo, A. and Dobre, M. and Dobrigkeit, C. and D’Olivo, J. C. and Domingues Mendes, L. M. and dos Anjos, R. C. and Dova, M. T. and Ebr, J. and Engel, R. and Epicoco, I. and Erdmann, M. and Escobar, C. O. and Etchegoyen, A. and Falcke, H. and Farmer, J. and Farrar, G. and Fauth, A. C. and Fazzini, N. and Feldbusch, F. and Fenu, F. and Fick, B. and Figueira, J. M. and Filipčič, A. and Fitoussi, T. and Fodran, T. and Fujii, T. and Fuster, A. and Galea, C. and Galelli, C. and García, B. and Garcia Vegas, A. L. and Gemmeke, H. and Gesualdi, F. and Gherghel-Lascu, A. and Ghia, P. L. and Giaccari, U. and Giammarchi, M. and Glombitza, J. and Gobbi, F. and Gollan, F. and Golup, G. and Gómez Berisso, M. and Gómez Vitale, P. F. and Gongora, J. P. and González, J. M. and González, N. and Goos, I. and Góra, D. and Gorgi, A. and Gottowik, M. and Grubb, T. D. and Guarino, F. and Guedes, G. P. and Guido, E. and Hahn, S. and Hamal, P. and Hampel, M. R. and Hansen, P. and Harari, D. and Harvey, V. M. and Haungs, A. and Hebbeker, T. and Heck, D. and Hill, G. C. and Hojvat, C. and Hörandel, J. R. and Horvath, P. and Hrabovský, M. and Huege, T. and Insolia, A. and Isar, P. G. and Janecek, P. and Johnsen, J. A. and Jurysek, J. and Kääpä, A. and Kampert, K. H. and Keilhauer, B. and Khakurdikar, A. and Kizakke Covilakam, V. V. and Klages, H. O. and Kleifges, M. and Kleinfeller, J. and Knapp, F. and Kunka, N. and Lago, B. L. and Langner, N. and Leigui de Oliveira, M. A. and Lenok, V. and Letessier-Selvon, A. and Lhenry-Yvon, I. and Lo Presti, D. and Lopes, L. and López, R. and Lu, L. and Luce, Q. and Lundquist, J. P. and Machado Payeras, A. and Mancarella, G. and Mandat, D. and Manning, B. C. and Manshanden, J. and Mantsch, P. and Marafico, S. and Mariani, F. M. and Mariazzi, A. G. and Mariş, I. C. and Marsella, G. and Martello, D. and Martinelli, S. and Martínez Bravo, O. and Mastrodicasa, M. and Mathes, H. J. and Matthews, J. and Matthiae, G. and Mayotte, E. and Mayotte, S. and Mazur, P. O. and Medina-Tanco, G. and Melo, D. and Menshikov, A. and Michal, S. and Micheletti, M. I. and Miramonti, L. and Mollerach, S. and Montanet, F. and Morejon, L. and Morello, C. and Mostafá, M. and Müller, A. L. and Muller, M. A. and Mulrey, K. and Mussa, R. and Muzio, M. and Namasaka, W. M. and Nasr-Esfahani, A. and Nellen, L. and Nicora, G. and Niculescu-Oglinzanu, M. and Niechciol, M. and Nitz, D. and Norwood, I. and Nosek, D. and Novotny, V. and Nožka, L. and Nucita, A. and Núñez, L. A. and Oliveira, C. and Palatka, M. and Pallotta, J. and Papenbreer, P. and Parente, G. and Parra, A. and Pawlowsky, J. and Pech, M. and Pekala, J. and Pelayo, R. and Peña-Rodriguez, J. and Pereira Martins, E. E. and Perez Armand, J. and Pérez Bertolli, C. and Perrone, L. and Petrera, S. and Petrucci, C. and Pierog, T. and Pimenta, M. and Pirronello, V. and Platino, M. and Pont, B. and Pothast, M. and Privitera, P. and Prouza, M. and Puyleart, A. and Querchfeld, S. and Rautenberg, J. and Ravignani, D. and Reininghaus, M. and Ridky, J. and Riehn, F. and Risse, M. and Rizi, V. and Rodrigues de Carvalho, W. and Rodriguez Rojo, J. and Roncoroni, M. J. and Rossoni, S. and Roth, M. and Roulet, E. and Rovero, A. C. and Ruehl, P. and Saftoiu, A. and Saharan, M. and Salamida, F. and Salazar, H. and Salina, G. and Sanabria Gomez, J. D. and Sánchez, F. and Santos, E. M. and Santos, E. and Sarazin, F. and Sarmento, R. and Sarmiento-Cano, C. and Sato, R. and Savina, P. and Schäfer, C. M. and Scherini, V. and Schieler, H. and Schimassek, M. and Schimp, M. and Schlüter, F. and Schmidt, D. and Scholten, O. and Schoorlemmer, H. and Schovánek, P. and Schröder, F. G. and Schulte, J. and Schulz, T. and Sciutto, S. J. and Scornavacche, M. and Segreto, A. and Sehgal, S. and Shellard, R. C. and Sigl, G. and Silli, G. and Sima, O. and Smau, R. and Šmída, R. and Sommers, P. and Soriano, J. F. and Squartini, R. and Stadelmaier, M. and Stanca, D. and Stanič, S. and Stasielak, J. and Stassi, P. and Streich, A. and Suárez-Durán, M. and Sudholz, T. and Suomijärvi, T. and Supanitsky, A. D. and Szadkowski, Z. and Tapia, A. and Taricco, C. and Timmermans, C. and Tkachenko, O. and Tobiska, P. and Todero Peixoto, C. J. and Tomé, B. and Torrès, Z. and Travaini, A. and Travnicek, P. and Trimarelli, C. and Tueros, M. and Ulrich, R. and Unger, M. and Vaclavek, L. and Vacula, M. and Valdés Galicia, J. F. and Valore, L. and Varela, E. and Vásquez-Ramírez, A. and Veberič, D. and Ventura, C. and Vergara Quispe, I. D. and Verzi, V. and Vicha, J. and Vink, J. and Vorobiov, S. and Wahlberg, H. and Watanabe, C. and Watson, A. A. and Weindl, A. and Wiencke, L. and Wilczyński, H. and Wittkowski, D. and Wundheiler, B. and Yushkov, A. and Zapparrata, O. and Zas, E. and Zavrtanik, D. and Zavrtanik, M. and Zehrer, L.},
  year      = {2023},
  month     = feb
}

@article{Aab_2019_point,
  title     = {Limits on point-like sources of ultra-high-energy neutrinos with the Pierre Auger Observatory},
  volume    = {2019},
  issn      = {1475-7516},
  url       = {http://dx.doi.org/10.1088/1475-7516/2019/11/004},
  doi       = {10.1088/1475-7516/2019/11/004},
  number    = {11},
  journal   = {Journal of Cosmology and Astroparticle Physics},
  publisher = {IOP Publishing},
  author    = {Aab, A. and Abreu, P. and Aglietta, M. and Albuquerque, I.F.M. and Albury, J.M. and Allekotte, I. and Almela, A. and Castillo, J. Alvarez and Alvarez-Muñiz, J. and Anastasi, G.A. and Anchordoqui, L. and Andrada, B. and Andringa, S. and Aramo, C. and Asorey, H. and Assis, P. and Avila, G. and Badescu, A.M. and Bakalova, A. and Balaceanu, A. and Barbato, F. and Luz, R.J. Barreira and Baur, S. and Becker, K.H. and Bellido, J.A. and Berat, C. and Bertaina, M.E. and Bertou, X. and Biermann, P.L. and Biteau, J. and Blanco, A. and Blazek, J. and Bleve, C. and Boháčová, M. and Boncioli, D. and Bonifazi, C. and Borodai, N. and Botti, A.M. and Brack, J. and Bretz, T. and Bridgeman, A. and Briechle, F.L. and Buchholz, P. and Bueno, A. and Buitink, S. and Buscemi, M. and Caballero-Mora, K.S. and Caccianiga, L. and Calcagni, L. and Cancio, A. and Canfora, F. and Caracas, I. and Carceller, J.M. and Caruso, R. and Castellina, A. and Catalani, F. and Cataldi, G. and Cazon, L. and Cerda, M. and Chinellato, J.A. and Choi, K. and Chudoba, J. and Chytka, L. and Clay, R.W. and Cerutti, A.C. Cobos and Colalillo, R. and Coleman, A. and Coluccia, M.R. and Conceição, R. and Condorelli, A. and Consolati, G. and Contreras, F. and Convenga, F. and Cooper, M.J. and Coutu, S. and Covault, C.E. and Daniel, B. and Dasso, S. and Daumiller, K. and Dawson, B.R. and Day, J.A. and de Almeida, R.M. and de Jong, S.J. and Mauro, G. De and Neto, J.R.T. de Mello and Mitri, I. De and de Oliveira, J. and de Souza, V. and Debatin, J. and Río, M. del and Deligny, O. and Dhital, N. and Matteo, A. Di and Castro, M.L. Díaz and Dobrigkeit, C. and D'Olivo, J.C. and Dorosti, Q. and Anjos, R.C. dos and Dova, M.T. and Dundovic, A. and Ebr, J. and Engel, R. and Erdmann, M. and Escobar, C.O. and Etchegoyen, A. and Falcke, H. and Farmer, J. and Farrar, G. and Fauth, A.C. and Fazzini, N. and Feldbusch, F. and Fenu, F. and Ferreyro, L.P. and Figueira, J.M. and Filipčič, A. and Freire, M.M. and Fujii, T. and Fuster, A. and García, B. and Gemmeke, H. and Gesualdi, F. and Gherghel-Lascu, A. and Ghia, P.L. and Giaccari, U. and Giammarchi, M. and Giller, M. and Głas, D. and Glombitza, J. and Gobbi, F. and Golup, G. and Berisso, M. Gómez and Vitale, P.F. Gómez and Gongora, J.P. and González, N. and Goos, I. and Góra, D. and Gorgi, A. and Gottowik, M. and Grubb, T.D. and Guarino, F. and Guedes, G.P. and Guido, E. and Hahn, S. and Halliday, R. and Hampel, M.R. and Hansen, P. and Harari, D. and Harrison, T.A. and Harvey, V.M. and Haungs, A. and Hebbeker, T. and Heck, D. and Heimann, P. and Hill, G.C. and Hojvat, C. and Holt, E.M. and Homola, P. and Hörandel, J.R. and Horvath, P. and Hrabovský, M. and Huege, T. and Hulsman, J. and Insolia, A. and Isar, P.G. and Johnsen, J.A. and Jurysek, J. and Kääpä, A. and Kampert, K.H. and Keilhauer, B. and Kemmerich, N. and Kemp, J. and Klages, H.O. and Kleifges, M. and Kleinfeller, J. and Kuempel, D. and Mezek, G. Kukec and Awad, A. Kuotb and Lago, B.L. and LaHurd, D. and Lang, R.G. and Legumina, R. and de Oliveira, M.A. Leigui and Lenok, V. and Letessier-Selvon, A. and Lhenry-Yvon, I. and Lippmann, O.C. and Presti, D. Lo and Lopes, L. and López, R. and Casado, A. López and Lorek, R. and Luce, Q. and Lucero, A. and Malacari, M. and Mancarella, G. and Mandat, D. and Manning, B.C. and Manshanden, J. and Mantsch, P. and Mariazzi, A.G. and Mariş, I.C. and Marsella, G. and Martello, D. and Martinez, H. and Bravo, O. Martínez and Mastrodicasa, M. and Mathes, H.J. and Mathys, S. and Matthews, J. and Matthiae, G. and Mayotte, E. and Mazur, P.O. and Medina-Tanco, G. and Melo, D. and Menshikov, A. and Merenda, K.-D. and Michal, S. and Micheletti, M.I. and Miramonti, L. and Mockler, D. and Mollerach, S. and Montanet, F. and Morello, C. and Morlino, G. and Mostafá, M. and Müller, A.L. and Muller, M.A. and Müller, S. and Mussa, R. and Namasaka, W.M. and Nellen, L. and Niculescu-Oglinzanu, M. and Niechciol, M. and Nitz, D. and Nosek, D. and Novotny, V. and Nožka, L. and Nucita, A and Núñez, L.A. and Olinto, A. and Palatka, M. and Pallotta, J. and Panetta, M.P. and Papenbreer, P. and Parente, G. and Parra, A. and Pech, M. and Pedreira, F. and Pekala, J. and Pelayo, R. and Peña-Rodriguez, J. and Pereira, L.A.S. and Perlin, M. and Perrone, L. and Peters, C. and Petrera, S. and Phuntsok, J. and Pierog, T. and Pimenta, M. and Pirronello, V. and Platino, M. and Poh, J. and Pont, B. and Porowski, C. and Pothast, M. and Prado, R.R. and Privitera, P. and Prouza, M. and Puyleart, A. and Querchfeld, S. and Quinn, S. and Ramos-Pollan, R. and Rautenberg, J. and Ravignani, D. and Reininghaus, M. and Ridky, J. and Riehn, F. and Risse, M. and Ristori, P. and Rizi, V. and de Carvalho, W. Rodrigues and Rojo, J. Rodriguez and Roncoroni, M.J. and Roth, M. and Roulet, E. and Rovero, A.C. and Ruehl, P. and Saffi, S.J. and Saftoiu, A. and Salamida, F. and Salazar, H. and Salina, G. and Gomez, J.D. Sanabria and Sánchez, F. and Santos, E.M. and Santos, E. and Sarazin, F. and Sarmento, R. and Sarmiento-Cano, C. and Sato, R. and Savina, P. and Schauer, M. and Scherini, V. and Schieler, H. and Schimassek, M. and Schimp, M. and Schlüter, F. and Schmidt, D. and Scholten, O. and Schovánek, P. and Schröder, F.G. and Schröder, S. and Schumacher, J. and Sciutto, S.J. and Scornavacche, M. and Shellard, R.C. and Sigl, G. and Silli, G. and Sima, O. and Šmída, R. and Snow, G.R. and Sommers, P. and Soriano, J.F. and Souchard, J. and Squartini, R. and Stadelmaier, M. and Stanca, D. and Stanič, S. and Stasielak, J. and Stassi, P. and Stolpovskiy, M. and Streich, A. and Suárez-Durán, M. and Sudholz, T. and Suomijärvi, T. and Supanitsky, A.D. and Šupík, J. and Szadkowski, Z. and Taboada, A. and Taborda, O.A. and Tapia, A. and Timmermans, C. and Tobiska, P. and Peixoto, C.J. Todero and Tomé, B. and Elipe, G. Torralba and Travaini, A. and Travnicek, P. and Trini, M. and Tueros, M. and Ulrich, R. and Unger, M. and Urban, M. and Galicia, J.F. Valdés and Valiño, I. and Valore, L. and Bodegom, P. van and Berg, A.M. van den and Vliet, A. van and Varela, E. and Cárdenas, B. Vargas and Vásquez-Ramírez, A. and Veberič, D. and Ventura, C. and Quispe, I.D. Vergara and Verzi, V. and Vicha, J. and Villaseñor, L. and Vink, J. and Vorobiov, S. and Wahlberg, H. and Watson, A.A. and Weber, M. and Weindl, A. and Wiedeński, M. and Wiencke, L. and Wilczyński, H. and Winchen, T. and Wirtz, M. and Wittkowski, D. and Wundheiler, B. and Yang, L. and Yushkov, A. and Zas, E. and Zavrtanik, D. and Zavrtanik, M. and Zehrer, L. and Zepeda, A. and Zimmermann, B. and Ziolkowski, M. and Zuccarello, F.},
  year      = {2019},
  month     = nov,
  pages     = {004–004}
}

@article{Auger_photons_2022,
  title     = {Searches for Ultra-High-Energy Photons at the Pierre Auger Observatory},
  volume    = {8},
  issn      = {2218-1997},
  url       = {http://dx.doi.org/10.3390/universe8110579},
  doi       = {10.3390/universe8110579},
  number    = {11},
  journal   = {Universe},
  publisher = {MDPI AG},
  year      = {2022},
  month     = nov,
  pages     = {579}
}
@article{ALLARD201233,
  title    = {Extragalactic propagation of ultrahigh energy cosmic-rays},
  journal  = {Astroparticle Physics},
  volume   = {39-40},
  pages    = {33-43},
  year     = {2012},
  note     = {Cosmic Rays Topical Issue},
  issn     = {0927-6505},
  doi      = {https://doi.org/10.1016/j.astropartphys.2011.10.011},
  url      = {https://www.sciencedirect.com/science/article/pii/S092765051100199X},
  author   = {Denis Allard},
  abstract = {In this paper we review the extragalactic propagation of ultrahigh energy cosmic-ray (UHECR). We present the different energy loss processes of protons and nuclei, and their expected influence on energy evolution of the UHECR spectrum and composition. We discuss the possible implications of the recent composition analyses provided by the Pierre Auger Observatory. The production of secondary cosmogenic neutrinos and photons and the constraints their observation would imply for the UHECRs origin are also addressed. Finally, we conclude by briefly discussing the relevance of a multi messenger approach for solving the mystery of UHECRs.}
}
@misc{bister2024largescaleanisotropyfluxdemagnification,
  title         = {The large-scale anisotropy and flux (de-)magnification of ultra-high-energy cosmic rays in the Galactic magnetic field},
  author        = {Teresa Bister and Glennys R. Farrar and Michael Unger},
  year          = {2024},
  eprint        = {2408.00614},
  archiveprefix = {arXiv},
  primaryclass  = {astro-ph.HE},
  url           = {https://arxiv.org/abs/2408.00614}
}
@article{UHEcorrelation_2016,
  doi       = {10.1088/1475-7516/2016/01/037},
  url       = {https://dx.doi.org/10.1088/1475-7516/2016/01/037},
  year      = {2016},
  month     = {jan},
  publisher = {},
  volume    = {2016},
  number    = {01},
  pages     = {037},
  author    = {The IceCube, Pierre Auger and Telescope Array collaborations},
  title     = {Search for correlations between the arrival directions of IceCube neutrino events and ultrahigh-energy cosmic rays detected by the Pierre Auger Observatory and the Telescope Array},
  journal   = {Journal of Cosmology and Astroparticle Physics},
  abstract  = {This paper presents the results of different searches for correlations between very high-energy neutrino candidates detected by IceCube and the highest-energy cosmic rays measured by the Pierre Auger Observatory and the Telescope Array. We first consider samples of cascade neutrino events and of high-energy neutrino-induced muon tracks, which provided evidence for a neutrino flux of astrophysical origin, and study their cross-correlation with the ultrahigh-energy cosmic ray (UHECR) samples as a function of angular separation. We also study their possible directional correlations using a likelihood method stacking the neutrino arrival directions and adopting different assumptions on the size of the UHECR magnetic deflections. Finally, we perform another likelihood analysis stacking the UHECR directions and using a sample of through-going muon tracks optimized for neutrino point-source searches with sub-degree angular resolution. No indications of correlations at discovery level are obtained for any of the searches performed. The smallest of the p-values comes from the search for correlation between UHECRs with IceCube high-energy cascades, a result that should continue to be monitored.}
}

@article{Icecube_2022,
  title     = {Evidence for neutrino emission from the nearby active galaxy NGC 1068},
  volume    = {378},
  issn      = {1095-9203},
  url       = {http://dx.doi.org/10.1126/science.abg3395},
  doi       = {10.1126/science.abg3395},
  number    = {6619},
  journal   = {Science},
  publisher = {American Association for the Advancement of Science (AAAS)},
  author    = {Abbasi, R. and Ackermann, M. and Adams, J. and Aguilar, J. A. and Ahlers, M. and Ahrens, M. and Alameddine, J. M. and Alispach, C. and Alves, A. A. and Amin, N. M. and Andeen, K. and Anderson, T. and Anton, G. and Argüelles, C. and Ashida, Y. and Axani, S. and Bai, X. and Balagopal V., A. and Barbano, A. and Barwick, S. W. and Bastian, B. and Basu, V. and Baur, S. and Bay, R. and Beatty, J. J. and Becker, K.-H. and Becker Tjus, J. and Bellenghi, C. and BenZvi, S. and Berley, D. and Bernardini, E. and Besson, D. Z. and Binder, G. and Bindig, D. and Blaufuss, E. and Blot, S. and Boddenberg, M. and Bontempo, F. and Borowka, J. and Böser, S. and Botner, O. and Böttcher, J. and Bourbeau, E. and Bradascio, F. and Braun, J. and Brinson, B. and Bron, S. and Brostean-Kaiser, J. and Browne, S. and Burgman, A. and Burley, R. T. and Busse, R. S. and Campana, M. A. and Carnie-Bronca, E. G. and Chen, C. and Chen, Z. and Chirkin, D. and Choi, K. and Clark, B. A. and Clark, K. and Classen, L. and Coleman, A. and Collin, G. H. and Conrad, J. M. and Coppin, P. and Correa, P. and Cowen, D. F. and Cross, R. and Dappen, C. and Dave, P. and De Clercq, C. and DeLaunay, J. J. and Delgado López, D. and Dembinski, H. and Deoskar, K. and Desai, A. and Desiati, P. and de Vries, K. D. and de Wasseige, G. and de With, M. and DeYoung, T. and Diaz, A. and Díaz-Vélez, J. C. and Dittmer, M. and Dujmovic, H. and Dunkman, M. and DuVernois, M. A. and Dvorak, E. and Ehrhardt, T. and Eller, P. and Engel, R. and Erpenbeck, H. and Evans, J. and Evenson, P. A. and Fan, K. L. and Fazely, A. R. and Fedynitch, A. and Feigl, N. and Fiedlschuster, S. and Fienberg, A. T. and Filimonov, K. and Finley, C. and Fischer, L. and Fox, D. and Franckowiak, A. and Friedman, E. and Fritz, A. and Fürst, P. and Gaisser, T. K. and Gallagher, J. and Ganster, E. and Garcia, A. and Garrappa, S. and Gerhardt, L. and Ghadimi, A. and Glaser, C. and Glauch, T. and Glüsenkamp, T. and Goldschmidt, A. and Gonzalez, J. G. and Goswami, S. and Grant, D. and Grégoire, T. and Griswold, S. and Günther, C. and Gutjahr, P. and Haack, C. and Hallgren, A. and Halliday, R. and Halve, L. and Halzen, F. and Ha Minh, M. and Hanson, K. and Hardin, J. and Harnisch, A. A. and Haungs, A. and Hebecker, D. and Helbing, K. and Henningsen, F. and Hettinger, E. C. and Hickford, S. and Hignight, J. and Hill, C. and Hill, G. C. and Hoffman, K. D. and Hoffmann, R. and Hokanson-Fasig, B. and Hoshina, K. and Huang, F. and Huber, M. and Huber, T. and Hultqvist, K. and Hünnefeld, M. and Hussain, R. and Hymon, K. and In, S. and Iovine, N. and Ishihara, A. and Jansson, M. and Japaridze, G. S. and Jeong, M. and Jin, M. and Jones, B. J. P. and Kang, D. and Kang, W. and Kang, X. and Kappes, A. and Kappesser, D. and Kardum, L. and Karg, T. and Karl, M. and Karle, A. and Katz, U. and Kauer, M. and Kellermann, M. and Kelley, J. L. and Kheirandish, A. and Kin, K. and Kintscher, T. and Kiryluk, J. and Klein, S. R. and Koirala, R. and Kolanoski, H. and Kontrimas, T. and Köpke, L. and Kopper, C. and Kopper, S. and Koskinen, D. J. and Koundal, P. and Kovacevich, M. and Kowalski, M. and Kozynets, T. and Kun, E. and Kurahashi, N. and Lad, N. and Lagunas Gualda, C. and Lanfranchi, J. L. and Larson, M. J. and Lauber, F. and Lazar, J. P. and Lee, J. W. and Leonard, K. and Leszczyńska, A. and Li, Y. and Lincetto, M. and Liu, Q. R. and Liubarska, M. and Lohfink, E. and Lozano Mariscal, C. J. and Lu, L. and Lucarelli, F. and Ludwig, A. and Luszczak, W. and Lyu, Y. and Ma, W. Y. and Madsen, J. and Mahn, K. B. M. and Makino, Y. and Mancina, S. and Mariş, I. C. and Martinez-Soler, I. and Maruyama, R. and Mase, K. and McElroy, T. and McNally, F. and Mead, J. V. and Meagher, K. and Mechbal, S. and Medina, A. and Meier, M. and Meighen-Berger, S. and Micallef, J. and Mockler, D. and Montaruli, T. and Moore, R. W. and Morse, R. and Moulai, M. and Naab, R. and Nagai, R. and Nahnhauer, R. and Naumann, U. and Necker, J. and Nguyen, L. V. and Niederhausen, H. and Nisa, M. U. and Nowicki, S. C. and Nygren, D. and Obertacke Pollmann, A. and Oehler, M. and Oeyen, B. and Olivas, A. and O’Sullivan, E. and Pandya, H. and Pankova, D. V. and Park, N. and Parker, G. K. and Paudel, E. N. and Paul, L. and Pérez de los Heros, C. and Peters, L. and Peterson, J. and Philippen, S. and Pieper, S. and Pittermann, M. and Pizzuto, A. and Plum, M. and Popovych, Y. and Porcelli, A. and Prado Rodriguez, M. and Price, P. B. and Pries, B. and Przybylski, G. T. and Raab, C. and Rack-Helleis, J. and Raissi, A. and Rameez, M. and Rawlins, K. and Rea, I. C. and Rehman, A. and Reichherzer, P. and Reimann, R. and Renzi, G. and Resconi, E. and Reusch, S. and Rhode, W. and Richman, M. and Riedel, B. and Roberts, E. J. and Robertson, S. and Roellinghoff, G. and Rongen, M. and Rott, C. and Ruhe, T. and Ryckbosch, D. and Rysewyk Cantu, D. and Safa, I. and Saffer, J. and Sanchez Herrera, S. E. and Sandrock, A. and Sandroos, J. and Santander, M. and Sarkar, S. and Sarkar, S. and Satalecka, K. and Schaufel, M. and Schieler, H. and Schindler, S. and Schmidt, T. and Schneider, A. and Schneider, J. and Schröder, F. G. and Schumacher, L. and Schwefer, G. and Sclafani, S. and Seckel, D. and Seunarine, S. and Sharma, A. and Shefali, S. and Silva, M. and Skrzypek, B. and Smithers, B. and Snihur, R. and Soedingrekso, J. and Soldin, D. and Spannfellner, C. and Spiczak, G. M. and Spiering, C. and Stachurska, J. and Stamatikos, M. and Stanev, T. and Stein, R. and Stettner, J. and Steuer, A. and Stezelberger, T. and Stokstad, R. and Stürwald, T. and Stuttard, T. and Sullivan, G. W. and Taboada, I. and Ter-Antonyan, S. and Tilav, S. and Tischbein, F. and Tollefson, K. and Tönnis, C. and Toscano, S. and Tosi, D. and Trettin, A. and Tselengidou, M. and Tung, C. F. and Turcati, A. and Turcotte, R. and Turley, C. F. and Twagirayezu, J. P. and Ty, B. and Unland Elorrieta, M. A. and Valtonen-Mattila, N. and Vandenbroucke, J. and van Eijndhoven, N. and Vannerom, D. and van Santen, J. and Verpoest, S. and Walck, C. and Watson, T. B. and Weaver, C. and Weigel, P. and Weindl, A. and Weiss, M. J. and Weldert, J. and Wendt, C. and Werthebach, J. and Weyrauch, M. and Whitehorn, N. and Wiebusch, C. H. and Williams, D. R. and Wolf, M. and Woschnagg, K. and Wrede, G. and Wulff, J. and Xu, X. W. and Yanez, J. P. and Yoshida, S. and Yu, S. and Yuan, T. and Zhang, Z. and Zhelnin, P.},
  year      = {2022},
  month     = nov,
  pages     = {538–543}
}

@article{Icecube_txs,
  author   = {IceCube Collaboration and Mark Aartsen  and Markus Ackermann  and Jenni Adams  and Juan Antonio Aguilar  and Markus Ahlers  and Maryon Ahrens  and Imen Al Samarai  and David Altmann  and Karen Andeen  and Tyler Anderson  and Isabelle Ansseau  and Gisela Anton  and Carlos Argüelles  and Bruno Arsioli  and Jan Auffenberg  and Spencer Axani  and Hadis Bagherpour  and Xinhua Bai  and Jared Barron  and Steve Barwick  and Volker Baum  and Ryan Bay  and James Beatty  and Karl Heinz Becker  and Julia Becker Tjus  and Segev BenZvi  and David Berley  and Elisa Bernardini  and David Besson  and Gary Binder  and Daniel Bindig  and Erik Blaufuss  and Summer Blot  and Christian Bohm  and Mathis Boerner  and Fabian Bos  and Sebastian Boeser  and Olga Botner  and Etienne Bourbeau  and James Bourbeau  and Federica Bradascio  and Jim Braun  and Martin Brenzke  and Hans-Peter Bretz  and Stephanie Bron  and Jannes Brostean-Kaiser  and Alexander Burgman  and Raffaela Busse  and Tessa Carver  and Edward Cheung  and Dmitry Chirkin  and Asen Christov  and Ken Clark  and Lew Classen  and Stefan Coenders  and Gabriel Collin  and Janet Conrad  and Paul Coppin  and Pablo Correa  and Doug Cowen  and Robert Cross  and Pranav Dave  and Melanie Day  and Joao Pedro A. M. de André  and Catherine De Clercq  and James Delaunay  and Hans Dembinski  and Sam DeRidder  and Paolo Desiati  and Krijn de Vries  and Gwenhael DeWasseige  and Meike DeWith  and Ty DeYoung  and Juan Carlos Díaz-Vélez  and Vincenzo Di Lorenzo  and Hrvoje Dujmovic  and Jonathan Dumm  and Matt Dunkman  and Emily Dvorak  and Benjamin Eberhardt  and Thomas Ehrhardt  and Bjorn Eichmann  and Philipp Eller  and Paul Evenson  and Sam Fahey  and Ali Fazely  and John Felde  and Kirill Filimonov  and Chad Finley  and Samuel Flis  and Anna Franckowiak  and Elizabeth Friedman  and Alexander Fritz  and Tom Gaisser  and Jay Gallagher  and Lisa Gerhardt  and Kevin Ghorbani  and Paolo Giommi  and Theo Glauch  and Thorsten Gluesenkamp  and Azriel Goldschmidt  and Javier Gonzalez  and Darren Grant  and Zachary Griffith  and Christian Haack  and Allan Hallgren  and Francis Halzen  and Kael Hanson  and Dustin Hebecker  and David Heereman  and Klaus Helbing  and Robert Hellauer  and Stephanie Hickford  and Joshua Hignight  and Gary Hill  and Kara Hoffman  and Ruth Hoffmann  and Tobias Hoinka  and Benjamin Hokanson-Fasig  and Kotoyo Hoshina  and Feifei Huang  and Matthias Huber  and Klas Hultqvist  and Mirco Huennefeld  and Raamis Hussain  and Seongjin In  and Nadège Iovine  and Aya Ishihara  and Emanuel Jacobi  and George Japaridze  and Minjin Jeong  and Kyle Jero  and Benjamin Jones  and Piotr Kalaczynski  and Woosik Kang  and Alexander Kappes  and David Kappesser  and Timo Karg  and Albrecht Karle  and Uli Katz  and Matt Kauer  and Azadeh Keivani  and John Kelley  and Ali Kheirandish  and JongHyun Kim  and Myoungchul Kim  and Thomas Kintscher  and Joanna Kiryluk  and Thomas Kittler  and Spencer Klein  and Ramesh Koirala  and Hermann Kolanoski  and Lutz Koepke  and Claudio Kopper  and Sandro Kopper  and Jan Paul Koschinsky  and Jason Koskinen  and Marek Kowalski  and Benedikt Krammer  and Kai Krings  and Mike Kroll  and Gerald Krueckl  and Samridha Kunwar  and Naoko Kurahashi Neilson  and Takao Kuwabara  and Alexander Kyriacou  and Mathieu Labare  and Justin Lanfranchi  and Michael Larson  and Frederik Lauber  and Kayla Leonard  and Mariola Lesiak-Bzdak  and Martin Leuermann  and Qinrui Liu  and Cristian Jesús Lozano Mariscal  and Lu Lu  and Jan Luenemann  and William Luszczak  and James Madsen  and Giuliano Maggi  and Kendall Mahn  and Sarah Mancina  and Reina Maruyama  and Keiichi Mase  and Ryan Maunu  and Kevin Meagher  and Morten Medici  and Maximilian Meier  and Thorben Menne  and Gonzalo Merino  and Thomas Meures  and Sandy Miarecki  and Jessie Micallef  and Giulio Momente  and Teresa Montaruli  and Roger Moore  and Robert Morse  and Marjon Moulai  and Rolf Nahnhauer  and Prabandha Nakarmi  and Uwe Naumann  and Garrett Neer  and Hans Niederhausen  and Sarah Nowicki  and Dave Nygren  and Anna Pollmann  and Alex Olivas  and Aongus O Murchadha  and Erin O'Sullivan  and Paolo Padovani  and Tomasz Palczewski  and Hershal Pandya  and Daria Pankova  and Peter Peiffer  and James Pepper  and Carlos Perez de los Heros  and Damian Pieloth  and Elisa Pinat  and Matthias Plum  and Buford Price  and Gerald Przybylski  and Christoph Raab  and Leif Raedel  and Mohamed Rameez  and Katherine Rawlins  and Immacolata Carmen Rea  and Rene Reimann  and Ben Relethford  and Matt Relich  and Elisa Resconi  and Wolfgang Rhode  and Mike Richman  and Sally Robertson  and Martin Rongen  and Carsten Rott  and Tim Ruhe  and Dirk Ryckbosch  and Devyn Rysewyk  and Ibrahim Safa  and Tobias Saelzer  and Narek Sahakyan  and Sebastian Sanchez Herrera  and Alexander Sandrock  and Joakim Sandroos  and Marcos Santander  and Sourav Sarkar  and Subir Sarkar  and Konstancja Satalecka  and Philipp Schlunder  and Torsten Schmidt  and Austin Schneider  and Sebastian Schoenen  and Sebastian Schoeneberg  and Lisa Schumacher  and Stephen Sclanfani  and Dave Seckel  and Suruj Seunarine  and Jan Soedingrekso  and Dennis Soldin  and Ming Song  and Glenn Spiczak  and Christian Spiering  and Juliana Stachurska  and Michael Stamatikos  and Todor Stanev  and Alexander Stasik  and Joeran Stettner  and Anna Steuer  and Thorsten Stezelberger  and Robert Stokstad  and Achim Stoessl  and Nora Linn Strotjohann  and Thomas Stuttard  and Greg Sullivan  and Michael Sutherland  and Ignacio Taboada  and Joulien Tatar  and Frederik Tenholt  and Samvel Ter-Antonyan  and Andrii Terliuk  and Serap Tilav  and Pat Toale  and Moriah Tobin  and Christoph Toennis  and Simona Toscano  and Delia Tosi  and Maria Tselengidou  and ChunFai Tung  and Andrea Turcati  and Colin Turley  and Bunheng Ty  and Lisa Unger  and Marcel Usner  and Ward Van Driessche  and Daan Van Eijk  and Nick van Eijndhoven  and Justin Vandenbroucke  and Sander Vanheule  and Jakob van Santen  and Eric Vogel  and Matthias Vraeghe  and Christian Walck  and Alexander Wallace  and Marius Wallraff  and Frank Wandler  and Nancy Wandkowsky  and Aatif Waza  and Chris Weaver  and Matthew Weiss  and Chris Wendt  and Johannes Werthebach  and Stefan Westerhoff  and Ben Whelan  and Nathan Whitehorn  and Klaus Wiebe  and Christopher Wiebusch  and Logan Wille  and Dawn Williams  and Lizz Wills  and Martin Wolf  and Joshua Wood  and Tania Wood  and Kurt Woschnagg  and Donglian Xu  and Xianwu Xu  and Yiqian Xu  and Juan Pablo Yanez  and Gaurang Yodh  and Shigeru Yoshida  and Tianlu Yuan },
  title    = {Neutrino emission from the direction of the blazar TXS 0506+056 prior to the IceCube-170922A alert},
  journal  = {Science},
  volume   = {361},
  number   = {6398},
  pages    = {147-151},
  year     = {2018},
  doi      = {10.1126/science.aat2890},
  url      = {https://www.science.org/doi/abs/10.1126/science.aat2890},
  eprint   = {https://www.science.org/doi/pdf/10.1126/science.aat2890},
  abstract = {Neutrinos interact only very weakly with matter, but giant detectors have succeeded in detecting small numbers of astrophysical neutrinos. Aside from a diffuse background, only two individual sources have been identified: the Sun and a nearby supernova in 1987. A multiteam collaboration detected a high-energy neutrino event whose arrival direction was consistent with a known blazar—a type of quasar with a relativistic jet oriented directly along our line of sight. The blazar, TXS 0506+056, was found to be undergoing a gamma-ray flare, prompting an extensive multiwavelength campaign. Motivated by this discovery, the IceCube collaboration examined lower-energy neutrinos detected over the previous several years, finding an excess emission at the location of the blazar. Thus, blazars are a source of astrophysical neutrinos. Science, this issue p. 147, p. eaat1378 A blazar has been found to be a point source of astrophysical neutrinos, emitted over several years. A high-energy neutrino event detected by IceCube on 22 September 2017 was coincident in direction and time with a gamma-ray flare from the blazar TXS 0506+056. Prompted by this association, we investigated 9.5 years of IceCube neutrino observations to search for excess emission at the position of the blazar. We found an excess of high-energy neutrino events, with respect to atmospheric backgrounds, at that position between September 2014 and March 2015. Allowing for time-variable flux, this constitutes 3.5σ evidence for neutrino emission from the direction of TXS 0506+056, independent of and prior to the 2017 flaring episode. This suggests that blazars are identifiable sources of the high-energy astrophysical neutrino flux.}
}


@article{Aab_2019_diffuse,
  title     = {Probing the origin of ultra-high-energy cosmic rays with neutrinos in the EeV energy range using the Pierre Auger Observatory},
  volume    = {2019},
  issn      = {1475-7516},
  url       = {http://dx.doi.org/10.1088/1475-7516/2019/10/022},
  doi       = {10.1088/1475-7516/2019/10/022},
  number    = {10},
  journal   = {Journal of Cosmology and Astroparticle Physics},
  publisher = {IOP Publishing},
  author    = {Aab, A. and Abreu, P. and Aglietta, M. and Albuquerque, I.F.M. and Albury, J.M. and Allekotte, I. and Almela, A. and Castillo, J. Alvarez and Alvarez-Muñiz, J. and Anastasi, G.A. and Anchordoqui, L. and Andrada, B. and Andringa, S. and Aramo, C. and Asorey, H. and Assis, P. and Avila, G. and Badescu, A.M. and Bakalova, A. and Balaceanu, A. and Barbato, F. and Luz, R.J. Barreira and Baur, S. and Becker, K.H. and Bellido, J.A. and Berat, C. and Bertaina, M.E. and Bertou, X. and Biermann, P.L. and Biteau, J. and Blanco, A. and Blazek, J. and Bleve, C. and Boháčová, M. and Boncioli, D. and Bonifazi, C. and Borodai, N. and Botti, A.M. and Brack, J. and Bretz, T. and Bridgeman, A. and Briechle, F.L. and Buchholz, P. and Bueno, A. and Buitink, S. and Buscemi, M. and Caballero-Mora, K.S. and Caccianiga, L. and Calcagni, L. and Cancio, A. and Canfora, F. and Caracas, I. and Carceller, J.M. and Caruso, R. and Castellina, A. and Catalani, F. and Cataldi, G. and Cazon, L. and Cerda, M. and Chinellato, J.A. and Choi, K. and Chudoba, J. and Chytka, L. and Clay, R.W. and Cerutti, A.C. Cobos and Colalillo, R. and Coleman, A. and Coluccia, M.R. and Conceição, R. and Condorelli, A. and Consolati, G. and Contreras, F. and Convenga, F. and Cooper, M.J. and Coutu, S. and Covault, C.E. and Daniel, B. and Dasso, S. and Daumiller, K. and Dawson, B.R. and Day, J.A. and de Almeida, R.M. and de Jong, S.J. and Mauro, G. De and Neto, J.R.T. de Mello and Mitri, I. De and de Oliveira, J. and de Souza, V. and Debatin, J. and Río, M. del and Deligny, O. and Dhital, N. and Matteo, A. Di and Castro, M.L. Díaz and Dobrigkeit, C. and D’Olivo, J.C. and Dorosti, Q. and Anjos, R.C. dos and Dova, M.T. and Dundovic, A. and Ebr, J. and Engel, R. and Erdmann, M. and Escobar, C.O. and Etchegoyen, A. and Falcke, H. and Farmer, J. and Farrar, G. and Fauth, A.C. and Fazzini, N. and Feldbusch, F. and Fenu, F. and Ferreyro, L.P. and Figueira, J.M. and Filipčič, A. and Freire, M.M. and Fujii, T. and Fuster, A. and García, B. and Gemmeke, H. and Gesualdi, F. and Gherghel-Lascu, A. and Ghia, P.L. and Giaccari, U. and Giammarchi, M. and Giller, M. and Głas, D. and Glombitza, J. and Gobbi, F. and Golup, G. and Berisso, M. Gómez and Vitale, P.F. Gómez and Gongora, J.P. and González, N. and Goos, I. and Góra, D. and Gorgi, A. and Gottowik, M. and Grubb, T.D. and Guarino, F. and Guedes, G.P. and Guido, E. and Hahn, S. and Halliday, R. and Hampel, M.R. and Hansen, P. and Harari, D. and Harrison, T.A. and Harvey, V.M. and Haungs, A. and Hebbeker, T. and Heck, D. and Heimann, P. and Hill, G.C. and Hojvat, C. and Holt, E.M. and Homola, P. and Hörandel, J.R. and Horvath, P. and Hrabovský, M. and Huege, T. and Hulsman, J. and Insolia, A. and Isar, P.G. and Johnsen, J.A. and Jurysek, J. and Kääpä, A. and Kampert, K.H. and Keilhauer, B. and Kemmerich, N. and Kemp, J. and Klages, H.O. and Kleifges, M. and Kleinfeller, J. and Kuempel, D. and Mezek, G. Kukec and Awad, A. Kuotb and Lago, B.L. and LaHurd, D. and Lang, R.G. and Legumina, R. and de Oliveira, M.A. Leigui and Lenok, V. and Letessier-Selvon, A. and Lhenry-Yvon, I. and Lippmann, O.C. and Presti, D. Lo and Lopes, L. and López, R. and Casado, A. López and Lorek, R. and Luce, Q. and Lucero, A. and Malacari, M. and Mancarella, G. and Mandat, D. and Manning, B.C. and Manshanden, J. and Mantsch, P. and Mariazzi, A.G. and Mariş, I.C. and Marsella, G. and Martello, D. and Martinez, H. and Bravo, O. Martínez and Mastrodicasa, M. and Mathes, H.J. and Mathys, S. and Matthews, J. and Matthiae, G. and Mayotte, E. and Mazur, P.O. and Medina-Tanco, G. and Melo, D. and Menshikov, A. and Merenda, K.-D. and Michal, S. and Micheletti, M.I. and Miramonti, L. and Mockler, D. and Mollerach, S. and Montanet, F. and Morello, C. and Morlino, G. and Mostafá, M. and Müller, A.L. and Muller, M.A. and Müller, S. and Mussa, R. and Namasaka, W.M. and Nellen, L. and Niculescu-Oglinzanu, M. and Niechciol, M. and Nitz, D. and Nosek, D. and Novotny, V. and Nožka, L. and Nucita, A and Núñez, L.A. and Olinto, A. and Palatka, M. and Pallotta, J. and Panetta, M.P. and Papenbreer, P. and Parente, G. and Parra, A. and Pech, M. and Pedreira, F. and Pekala, J. and Pelayo, R. and Peña-Rodriguez, J. and Pereira, L.A.S. and Perlin, M. and Perrone, L. and Peters, C. and Petrera, S. and Phuntsok, J. and Pierog, T. and Pimenta, M. and Pirronello, V. and Platino, M. and Poh, J. and Pont, B. and Porowski, C. and Pothast, M. and Prado, R.R. and Privitera, P. and Prouza, M. and Puyleart, A. and Querchfeld, S. and Quinn, S. and Ramos-Pollan, R. and Rautenberg, J. and Ravignani, D. and Reininghaus, M. and Ridky, J. and Riehn, F. and Risse, M. and Ristori, P. and Rizi, V. and de Carvalho, W. Rodrigues and Rojo, J. Rodriguez and Roncoroni, M.J. and Roth, M. and Roulet, E. and Rovero, A.C. and Ruehl, P. and Saffi, S.J. and Saftoiu, A. and Salamida, F. and Salazar, H. and Salina, G. and Gomez, J.D. Sanabria and Sánchez, F. and Santos, E.M. and Santos, E. and Sarazin, F. and Sarmento, R. and Sarmiento-Cano, C. and Sato, R. and Savina, P. and Schauer, M. and Scherini, V. and Schieler, H. and Schimassek, M. and Schimp, M. and Schlüter, F. and Schmidt, D. and Scholten, O. and Schovánek, P. and Schröder, F.G. and Schröder, S. and Schumacher, J. and Sciutto, S.J. and Scornavacche, M. and Shellard, R.C. and Sigl, G. and Silli, G. and Sima, O. and Šmída, R. and Snow, G.R. and Sommers, P. and Soriano, J.F. and Souchard, J. and Squartini, R. and Stadelmaier, M. and Stanca, D. and Stanič, S. and Stasielak, J. and Stassi, P. and Stolpovskiy, M. and Streich, A. and Suárez-Durán, M. and Sudholz, T. and Suomijärvi, T. and Supanitsky, A.D. and Šupík, J. and Szadkowski, Z. and Taboada, A. and Taborda, O.A. and Tapia, A. and Timmermans, C. and Tobiska, P. and Peixoto, C.J. Todero and Tomé, B. and Elipe, G. Torralba and Travaini, A. and Travnicek, P. and Trini, M. and Tueros, M. and Ulrich, R. and Unger, M. and Urban, M. and Galicia, J.F. Valdés and Valiño, I. and Valore, L. and Bodegom, P. van and Berg, A.M. van den and Vliet, A. van and Varela, E. and Cárdenas, B. Vargas and Vásquez-Ramírez, A. and Veberič, D. and Ventura, C. and Quispe, I.D. Vergara and Verzi, V. and Vicha, J. and Villaseñor, L. and Vink, J. and Vorobiov, S. and Wahlberg, H. and Watson, A.A. and Weber, M. and Weindl, A. and Wiedeński, M. and Wiencke, L. and Wilczyński, H. and Winchen, T. and Wirtz, M. and Wittkowski, D. and Wundheiler, B. and Yang, L. and Yushkov, A. and Zas, E. and Zavrtanik, D. and Zavrtanik, M. and Zehrer, L. and Zepeda, A. and Zimmermann, B. and Ziolkowski, M. and Zuccarello, F.},
  year      = {2019},
  month     = oct,
  pages     = {022–022}
}

@article{PhysRevLett.116.061102,
  title         = {Observation of Gravitational Waves from a Binary Black Hole Merger},
  author        = {Abbott, B. P. and Abbott, R. and Abbott, T. D. and Abernathy, M. R. and Acernese, F. and Ackley, K. and Adams, C. and Adams, T. and Addesso, P. and Adhikari, R. X. and Adya, V. B. and Affeldt, C. and Agathos, M. and Agatsuma, K. and Aggarwal, N. and Aguiar, O. D. and Aiello, L. and Ain, A. and Ajith, P. and Allen, B. and Allocca, A. and Altin, P. A. and Anderson, S. B. and Anderson, W. G. and Arai, K. and Arain, M. A. and Araya, M. C. and Arceneaux, C. C. and Areeda, J. S. and Arnaud, N. and Arun, K. G. and Ascenzi, S. and Ashton, G. and Ast, M. and Aston, S. M. and Astone, P. and Aufmuth, P. and Aulbert, C. and Babak, S. and Bacon, P. and Bader, M. K. M. and Baker, P. T. and Baldaccini, F. and Ballardin, G. and Ballmer, S. W. and Barayoga, J. C. and Barclay, S. E. and Barish, B. C. and Barker, D. and Barone, F. and Barr, B. and Barsotti, L. and Barsuglia, M. and Barta, D. and Bartlett, J. and Barton, M. A. and Bartos, I. and Bassiri, R. and Basti, A. and Batch, J. C. and Baune, C. and Bavigadda, V. and Bazzan, M. and Behnke, B. and Bejger, M. and Belczynski, C. and Bell, A. S. and Bell, C. J. and Berger, B. K. and Bergman, J. and Bergmann, G. and Berry, C. P. L. and Bersanetti, D. and Bertolini, A. and Betzwieser, J. and Bhagwat, S. and Bhandare, R. and Bilenko, I. A. and Billingsley, G. and Birch, J. and Birney, I. A. and Birnholtz, O. and Biscans, S. and Bisht, A. and Bitossi, M. and Biwer, C. and Bizouard, M. A. and Blackburn, J. K. and Blair, C. D. and Blair, D. G. and Blair, R. M. and Bloemen, S. and Bock, O. and Bodiya, T. P. and Boer, M. and Bogaert, G. and Bogan, C. and Bohe, A. and Bojtos, P. and Bond, C. and Bondu, F. and Bonnand, R. and Boom, B. A. and Bork, R. and Boschi, V. and Bose, S. and Bouffanais, Y. and Bozzi, A. and Bradaschia, C. and Brady, P. R. and Braginsky, V. B. and Branchesi, M. and Brau, J. E. and Briant, T. and Brillet, A. and Brinkmann, M. and Brisson, V. and Brockill, P. and Brooks, A. F. and Brown, D. A. and Brown, D. D. and Brown, N. M. and Buchanan, C. C. and Buikema, A. and Bulik, T. and Bulten, H. J. and Buonanno, A. and Buskulic, D. and Buy, C. and Byer, R. L. and Cabero, M. and Cadonati, L. and Cagnoli, G. and Cahillane, C. and Bustillo, J. Calder\'on and Callister, T. and Calloni, E. and Camp, J. B. and Cannon, K. C. and Cao, J. and Capano, C. D. and Capocasa, E. and Carbognani, F. and Caride, S. and Diaz, J. Casanueva and Casentini, C. and Caudill, S. and Cavagli\`a, M. and Cavalier, F. and Cavalieri, R. and Cella, G. and Cepeda, C. B. and Baiardi, L. Cerboni and Cerretani, G. and Cesarini, E. and Chakraborty, R. and Chalermsongsak, T. and Chamberlin, S. J. and Chan, M. and Chao, S. and Charlton, P. and Chassande-Mottin, E. and Chen, H. Y. and Chen, Y. and Cheng, C. and Chincarini, A. and Chiummo, A. and Cho, H. S. and Cho, M. and Chow, J. H. and Christensen, N. and Chu, Q. and Chua, S. and Chung, S. and Ciani, G. and Clara, F. and Clark, J. A. and Cleva, F. and Coccia, E. and Cohadon, P.-F. and Colla, A. and Collette, C. G. and Cominsky, L. and Constancio, M. and Conte, A. and Conti, L. and Cook, D. and Corbitt, T. R. and Cornish, N. and Corsi, A. and Cortese, S. and Costa, C. A. and Coughlin, M. W. and Coughlin, S. B. and Coulon, J.-P. and Countryman, S. T. and Couvares, P. and Cowan, E. E. and Coward, D. M. and Cowart, M. J. and Coyne, D. C. and Coyne, R. and Craig, K. and Creighton, J. D. E. and Creighton, T. D. and Cripe, J. and Crowder, S. G. and Cruise, A. M. and Cumming, A. and Cunningham, L. and Cuoco, E. and Canton, T. Dal and Danilishin, S. L. and D'Antonio, S. and Danzmann, K. and Darman, N. S. and Da Silva Costa, C. F. and Dattilo, V. and Dave, I. and Daveloza, H. P. and Davier, M. and Davies, G. S. and Daw, E. J. and Day, R. and De, S. and DeBra, D. and Debreczeni, G. and Degallaix, J. and De Laurentis, M. and Del\'eglise, S. and Del Pozzo, W. and Denker, T. and Dent, T. and Dereli, H. and Dergachev, V. and DeRosa, R. T. and De Rosa, R. and DeSalvo, R. and Dhurandhar, S. and D\'{\i}az, M. C. and Di Fiore, L. and Di Giovanni, M. and Di Lieto, A. and Di Pace, S. and Di Palma, I. and Di Virgilio, A. and Dojcinoski, G. and Dolique, V. and Donovan, F. and Dooley, K. L. and Doravari, S. and Douglas, R. and Downes, T. P. and Drago, M. and Drever, R. W. P. and Driggers, J. C. and Du, Z. and Ducrot, M. and Dwyer, S. E. and Edo, T. B. and Edwards, M. C. and Effler, A. and Eggenstein, H.-B. and Ehrens, P. and Eichholz, J. and Eikenberry, S. S. and Engels, W. and Essick, R. C. and Etzel, T. and Evans, M. and Evans, T. M. and Everett, R. and Factourovich, M. and Fafone, V. and Fair, H. and Fairhurst, S. and Fan, X. and Fang, Q. and Farinon, S. and Farr, B. and Farr, W. M. and Favata, M. and Fays, M. and Fehrmann, H. and Fejer, M. M. and Feldbaum, D. and Ferrante, I. and Ferreira, E. C. and Ferrini, F. and Fidecaro, F. and Finn, L. S. and Fiori, I. and Fiorucci, D. and Fisher, R. P. and Flaminio, R. and Fletcher, M. and Fong, H. and Fournier, J.-D. and Franco, S. and Frasca, S. and Frasconi, F. and Frede, M. and Frei, Z. and Freise, A. and Frey, R. and Frey, V. and Fricke, T. T. and Fritschel, P. and Frolov, V. V. and Fulda, P. and Fyffe, M. and Gabbard, H. A. G. and Gair, J. R. and Gammaitoni, L. and Gaonkar, S. G. and Garufi, F. and Gatto, A. and Gaur, G. and Gehrels, N. and Gemme, G. and Gendre, B. and Genin, E. and Gennai, A. and George, J. and Gergely, L. and Germain, V. and Ghosh, Abhirup and Ghosh, Archisman and Ghosh, S. and Giaime, J. A. and Giardina, K. D. and Giazotto, A. and Gill, K. and Glaefke, A. and Gleason, J. R. and Goetz, E. and Goetz, R. and Gondan, L. and Gonz\'alez, G. and Castro, J. M. Gonzalez and Gopakumar, A. and Gordon, N. A. and Gorodetsky, M. L. and Gossan, S. E. and Gosselin, M. and Gouaty, R. and Graef, C. and Graff, P. B. and Granata, M. and Grant, A. and Gras, S. and Gray, C. and Greco, G. and Green, A. C. and Greenhalgh, R. J. S. and Groot, P. and Grote, H. and Grunewald, S. and Guidi, G. M. and Guo, X. and Gupta, A. and Gupta, M. K. and Gushwa, K. E. and Gustafson, E. K. and Gustafson, R. and Hacker, J. J. and Hall, B. R. and Hall, E. D. and Hammond, G. and Haney, M. and Hanke, M. M. and Hanks, J. and Hanna, C. and Hannam, M. D. and Hanson, J. and Hardwick, T. and Harms, J. and Harry, G. M. and Harry, I. W. and Hart, M. J. and Hartman, M. T. and Haster, C.-J. and Haughian, K. and Healy, J. and Heefner, J. and Heidmann, A. and Heintze, M. C. and Heinzel, G. and Heitmann, H. and Hello, P. and Hemming, G. and Hendry, M. and Heng, I. S. and Hennig, J. and Heptonstall, A. W. and Heurs, M. and Hild, S. and Hoak, D. and Hodge, K. A. and Hofman, D. and Hollitt, S. E. and Holt, K. and Holz, D. E. and Hopkins, P. and Hosken, D. J. and Hough, J. and Houston, E. A. and Howell, E. J. and Hu, Y. M. and Huang, S. and Huerta, E. A. and Huet, D. and Hughey, B. and Husa, S. and Huttner, S. H. and Huynh-Dinh, T. and Idrisy, A. and Indik, N. and Ingram, D. R. and Inta, R. and Isa, H. N. and Isac, J.-M. and Isi, M. and Islas, G. and Isogai, T. and Iyer, B. R. and Izumi, K. and Jacobson, M. B. and Jacqmin, T. and Jang, H. and Jani, K. and Jaranowski, P. and Jawahar, S. and Jim\'enez-Forteza, F. and Johnson, W. W. and Johnson-McDaniel, N. K. and Jones, D. I. and Jones, R. and Jonker, R. J. G. and Ju, L. and Haris, K. and Kalaghatgi, C. V. and Kalogera, V. and Kandhasamy, S. and Kang, G. and Kanner, J. B. and Karki, S. and Kasprzack, M. and Katsavounidis, E. and Katzman, W. and Kaufer, S. and Kaur, T. and Kawabe, K. and Kawazoe, F. and K\'ef\'elian, F. and Kehl, M. S. and Keitel, D. and Kelley, D. B. and Kells, W. and Kennedy, R. and Keppel, D. G. and Key, J. S. and Khalaidovski, A. and Khalili, F. Y. and Khan, I. and Khan, S. and Khan, Z. and Khazanov, E. A. and Kijbunchoo, N. and Kim, C. and Kim, J. and Kim, K. and Kim, Nam-Gyu and Kim, Namjun and Kim, Y.-M. and King, E. J. and King, P. J. and Kinzel, D. L. and Kissel, J. S. and Kleybolte, L. and Klimenko, S. and Koehlenbeck, S. M. and Kokeyama, K. and Koley, S. and Kondrashov, V. and Kontos, A. and Koranda, S. and Korobko, M. and Korth, W. Z. and Kowalska, I. and Kozak, D. B. and Kringel, V. and Krishnan, B. and Kr\'olak, A. and Krueger, C. and Kuehn, G. and Kumar, P. and Kumar, R. and Kuo, L. and Kutynia, A. and Kwee, P. and Lackey, B. D. and Landry, M. and Lange, J. and Lantz, B. and Lasky, P. D. and Lazzarini, A. and Lazzaro, C. and Leaci, P. and Leavey, S. and Lebigot, E. O. and Lee, C. H. and Lee, H. K. and Lee, H. M. and Lee, K. and Lenon, A. and Leonardi, M. and Leong, J. R. and Leroy, N. and Letendre, N. and Levin, Y. and Levine, B. M. and Li, T. G. F. and Libson, A. and Littenberg, T. B. and Lockerbie, N. A. and Logue, J. and Lombardi, A. L. and London, L. T. and Lord, J. E. and Lorenzini, M. and Loriette, V. and Lormand, M. and Losurdo, G. and Lough, J. D. and Lousto, C. O. and Lovelace, G. and L\"uck, H. and Lundgren, A. P. and Luo, J. and Lynch, R. and Ma, Y. and MacDonald, T. and Machenschalk, B. and MacInnis, M. and Macleod, D. M. and Maga\~na-Sandoval, F. and Magee, R. M. and Mageswaran, M. and Majorana, E. and Maksimovic, I. and Malvezzi, V. and Man, N. and Mandel, I. and Mandic, V. and Mangano, V. and Mansell, G. L. and Manske, M. and Mantovani, M. and Marchesoni, F. and Marion, F. and M\'arka, S. and M\'arka, Z. and Markosyan, A. S. and Maros, E. and Martelli, F. and Martellini, L. and Martin, I. W. and Martin, R. M. and Martynov, D. V. and Marx, J. N. and Mason, K. and Masserot, A. and Massinger, T. J. and Masso-Reid, M. and Matichard, F. and Matone, L. and Mavalvala, N. and Mazumder, N. and Mazzolo, G. and McCarthy, R. and McClelland, D. E. and McCormick, S. and McGuire, S. C. and McIntyre, G. and McIver, J. and McManus, D. J. and McWilliams, S. T. and Meacher, D. and Meadors, G. D. and Meidam, J. and Melatos, A. and Mendell, G. and Mendoza-Gandara, D. and Mercer, R. A. and Merilh, E. and Merzougui, M. and Meshkov, S. and Messenger, C. and Messick, C. and Meyers, P. M. and Mezzani, F. and Miao, H. and Michel, C. and Middleton, H. and Mikhailov, E. E. and Milano, L. and Miller, J. and Millhouse, M. and Minenkov, Y. and Ming, J. and Mirshekari, S. and Mishra, C. and Mitra, S. and Mitrofanov, V. P. and Mitselmakher, G. and Mittleman, R. and Moggi, A. and Mohan, M. and Mohapatra, S. R. P. and Montani, M. and Moore, B. C. and Moore, C. J. and Moraru, D. and Moreno, G. and Morriss, S. R. and Mossavi, K. and Mours, B. and Mow-Lowry, C. M. and Mueller, C. L. and Mueller, G. and Muir, A. W. and Mukherjee, Arunava and Mukherjee, D. and Mukherjee, S. and Mukund, N. and Mullavey, A. and Munch, J. and Murphy, D. J. and Murray, P. G. and Mytidis, A. and Nardecchia, I. and Naticchioni, L. and Nayak, R. K. and Necula, V. and Nedkova, K. and Nelemans, G. and Neri, M. and Neunzert, A. and Newton, G. and Nguyen, T. T. and Nielsen, A. B. and Nissanke, S. and Nitz, A. and Nocera, F. and Nolting, D. and Normandin, M. E. N. and Nuttall, L. K. and Oberling, J. and Ochsner, E. and O'Dell, J. and Oelker, E. and Ogin, G. H. and Oh, J. J. and Oh, S. H. and Ohme, F. and Oliver, M. and Oppermann, P. and Oram, Richard J. and O'Reilly, B. and O'Shaughnessy, R. and Ott, C. D. and Ottaway, D. J. and Ottens, R. S. and Overmier, H. and Owen, B. J. and Pai, A. and Pai, S. A. and Palamos, J. R. and Palashov, O. and Palomba, C. and Pal-Singh, A. and Pan, H. and Pan, Y. and Pankow, C. and Pannarale, F. and Pant, B. C. and Paoletti, F. and Paoli, A. and Papa, M. A. and Paris, H. R. and Parker, W. and Pascucci, D. and Pasqualetti, A. and Passaquieti, R. and Passuello, D. and Patricelli, B. and Patrick, Z. and Pearlstone, B. L. and Pedraza, M. and Pedurand, R. and Pekowsky, L. and Pele, A. and Penn, S. and Perreca, A. and Pfeiffer, H. P. and Phelps, M. and Piccinni, O. and Pichot, M. and Pickenpack, M. and Piergiovanni, F. and Pierro, V. and Pillant, G. and Pinard, L. and Pinto, I. M. and Pitkin, M. and Poeld, J. H. and Poggiani, R. and Popolizio, P. and Post, A. and Powell, J. and Prasad, J. and Predoi, V. and Premachandra, S. S. and Prestegard, T. and Price, L. R. and Prijatelj, M. and Principe, M. and Privitera, S. and Prix, R. and Prodi, G. A. and Prokhorov, L. and Puncken, O. and Punturo, M. and Puppo, P. and P\"urrer, M. and Qi, H. and Qin, J. and Quetschke, V. and Quintero, E. A. and Quitzow-James, R. and Raab, F. J. and Rabeling, D. S. and Radkins, H. and Raffai, P. and Raja, S. and Rakhmanov, M. and Ramet, C. R. and Rapagnani, P. and Raymond, V. and Razzano, M. and Re, V. and Read, J. and Reed, C. M. and Regimbau, T. and Rei, L. and Reid, S. and Reitze, D. H. and Rew, H. and Reyes, S. D. and Ricci, F. and Riles, K. and Robertson, N. A. and Robie, R. and Robinet, F. and Rocchi, A. and Rolland, L. and Rollins, J. G. and Roma, V. J. and Romano, J. D. and Romano, R. and Romanov, G. and Romie, J. H. and Rosi\ifmmode \acute{n}\else \'{n}\fi{}ska, D. and Rowan, S. and R\"udiger, A. and Ruggi, P. and Ryan, K. and Sachdev, S. and Sadecki, T. and Sadeghian, L. and Salconi, L. and Saleem, M. and Salemi, F. and Samajdar, A. and Sammut, L. and Sampson, L. M. and Sanchez, E. J. and Sandberg, V. and Sandeen, B. and Sanders, G. H. and Sanders, J. R. and Sassolas, B. and Sathyaprakash, B. S. and Saulson, P. R. and Sauter, O. and Savage, R. L. and Sawadsky, A. and Schale, P. and Schilling, R. and Schmidt, J. and Schmidt, P. and Schnabel, R. and Schofield, R. M. S. and Sch\"onbeck, A. and Schreiber, E. and Schuette, D. and Schutz, B. F. and Scott, J. and Scott, S. M. and Sellers, D. and Sengupta, A. S. and Sentenac, D. and Sequino, V. and Sergeev, A. and Serna, G. and Setyawati, Y. and Sevigny, A. and Shaddock, D. A. and Shaffer, T. and Shah, S. and Shahriar, M. S. and Shaltev, M. and Shao, Z. and Shapiro, B. and Shawhan, P. and Sheperd, A. and Shoemaker, D. H. and Shoemaker, D. M. and Siellez, K. and Siemens, X. and Sigg, D. and Silva, A. D. and Simakov, D. and Singer, A. and Singer, L. P. and Singh, A. and Singh, R. and Singhal, A. and Sintes, A. M. and Slagmolen, B. J. J. and Smith, J. R. and Smith, M. R. and Smith, N. D. and Smith, R. J. E. and Son, E. J. and Sorazu, B. and Sorrentino, F. and Souradeep, T. and Srivastava, A. K. and Staley, A. and Steinke, M. and Steinlechner, J. and Steinlechner, S. and Steinmeyer, D. and Stephens, B. C. and Stevenson, S. P. and Stone, R. and Strain, K. A. and Straniero, N. and Stratta, G. and Strauss, N. A. and Strigin, S. and Sturani, R. and Stuver, A. L. and Summerscales, T. Z. and Sun, L. and Sutton, P. J. and Swinkels, B. L. and Szczepa\ifmmode \acute{n}\else \'{n}\fi{}czyk, M. J. and Tacca, M. and Talukder, D. and Tanner, D. B. and T\'apai, M. and Tarabrin, S. P. and Taracchini, A. and Taylor, R. and Theeg, T. and Thirugnanasambandam, M. P. and Thomas, E. G. and Thomas, M. and Thomas, P. and Thorne, K. A. and Thorne, K. S. and Thrane, E. and Tiwari, S. and Tiwari, V. and Tokmakov, K. V. and Tomlinson, C. and Tonelli, M. and Torres, C. V. and Torrie, C. I. and T\"oyr\"a, D. and Travasso, F. and Traylor, G. and Trifir\`o, D. and Tringali, M. C. and Trozzo, L. and Tse, M. and Turconi, M. and Tuyenbayev, D. and Ugolini, D. and Unnikrishnan, C. S. and Urban, A. L. and Usman, S. A. and Vahlbruch, H. and Vajente, G. and Valdes, G. and Vallisneri, M. and van Bakel, N. and van Beuzekom, M. and van den Brand, J. F. J. and Van Den Broeck, C. and Vander-Hyde, D. C. and van der Schaaf, L. and van Heijningen, J. V. and van Veggel, A. A. and Vardaro, M. and Vass, S. and Vas\'uth, M. and Vaulin, R. and Vecchio, A. and Vedovato, G. and Veitch, J. and Veitch, P. J. and Venkateswara, K. and Verkindt, D. and Vetrano, F. and Vicer\'e, A. and Vinciguerra, S. and Vine, D. J. and Vinet, J.-Y. and Vitale, S. and Vo, T. and Vocca, H. and Vorvick, C. and Voss, D. and Vousden, W. D. and Vyatchanin, S. P. and Wade, A. R. and Wade, L. E. and Wade, M. and Waldman, S. J. and Walker, M. and Wallace, L. and Walsh, S. and Wang, G. and Wang, H. and Wang, M. and Wang, X. and Wang, Y. and Ward, H. and Ward, R. L. and Warner, J. and Was, M. and Weaver, B. and Wei, L.-W. and Weinert, M. and Weinstein, A. J. and Weiss, R. and Welborn, T. and Wen, L. and We\ss{}els, P. and Westphal, T. and Wette, K. and Whelan, J. T. and Whitcomb, S. E. and White, D. J. and Whiting, B. F. and Wiesner, K. and Wilkinson, C. and Willems, P. A. and Williams, L. and Williams, R. D. and Williamson, A. R. and Willis, J. L. and Willke, B. and Wimmer, M. H. and Winkelmann, L. and Winkler, W. and Wipf, C. C. and Wiseman, A. G. and Wittel, H. and Woan, G. and Worden, J. and Wright, J. L. and Wu, G. and Yablon, J. and Yakushin, I. and Yam, W. and Yamamoto, H. and Yancey, C. C. and Yap, M. J. and Yu, H. and Yvert, M. and Zadro\ifmmode \dot{z}\else \.{z}\fi{}ny, A. and Zangrando, L. and Zanolin, M. and Zendri, J.-P. and Zevin, M. and Zhang, F. and Zhang, L. and Zhang, M. and Zhang, Y. and Zhao, C. and Zhou, M. and Zhou, Z. and Zhu, X. J. and Zucker, M. E. and Zuraw, S. E. and Zweizig, J.},
  collaboration = {LIGO Scientific Collaboration and Virgo Collaboration},
  journal       = {Phys. Rev. Lett.},
  volume        = {116},
  issue         = {6},
  pages         = {061102},
  numpages      = {16},
  year          = {2016},
  month         = {Feb},
  publisher     = {American Physical Society},
  doi           = {10.1103/PhysRevLett.116.061102},
  url           = {https://link.aps.org/doi/10.1103/PhysRevLett.116.061102}
}

@article{Abbott_2017,
  title     = {Multi-messenger Observations of a Binary Neutron Star Merger*},
  volume    = {848},
  issn      = {2041-8213},
  url       = {http://dx.doi.org/10.3847/2041-8213/aa91c9},
  doi       = {10.3847/2041-8213/aa91c9},
  number    = {2},
  journal   = {The Astrophysical Journal Letters},
  publisher = {American Astronomical Society},
  author    = {Abbott, B. P. and Abbott, R. and Abbott, T. D. and Acernese, F. and Ackley, K. and Adams, C. and Adams, T. and Addesso, P. and Adhikari, R. X. and Adya, V. B. and Affeldt, C. and Afrough, M. and Agarwal, B. and Agathos, M. and Agatsuma, K. and Aggarwal, N. and Aguiar, O. D. and Aiello, L. and Ain, A. and Ajith, P. and Allen, B. and Allen, G. and Allocca, A. and Altin, P. A. and Amato, A. and Ananyeva, A. and Anderson, S. B. and Anderson, W. G. and Angelova, S. V. and Antier, S. and Appert, S. and Arai, K. and Araya, M. C. and Areeda, J. S. and Arnaud, N. and Arun, K. G. and Ascenzi, S. and Ashton, G. and Ast, M. and Aston, S. M. and Astone, P. and Atallah, D. V. and Aufmuth, P. and Aulbert, C. and AultONeal, K. and Austin, C. and Avila-Alvarez, A. and Babak, S. and Bacon, P. and Bader, M. K. M. and Bae, S. and Baker, P. T. and Baldaccini, F. and Ballardin, G. and Ballmer, S. W. and Banagiri, S. and Barayoga, J. C. and Barclay, S. E. and Barish, B. C. and Barker, D. and Barkett, K. and Barone, F. and Barr, B. and Barsotti, L. and Barsuglia, M. and Barta, D. and Barthelmy, S. D. and Bartlett, J. and Bartos, I. and Bassiri, R. and Basti, A. and Batch, J. C. and Bawaj, M. and Bayley, J. C. and Bazzan, M. and Bécsy, B. and Beer, C. and Bejger, M. and Belahcene, I. and Bell, A. S. and Berger, B. K. and Bergmann, G. and Bero, J. J. and Berry, C. P. L. and Bersanetti, D. and Bertolini, A. and Betzwieser, J. and Bhagwat, S. and Bhandare, R. and Bilenko, I. A. and Billingsley, G. and Billman, C. R. and Birch, J. and Birney, I. A. and Birnholtz, O. and Biscans, S. and Biscoveanu, S. and Bisht, A. and Bitossi, M. and Biwer, C. and Bizouard, M. A. and Blackburn, J. K. and Blackman, J. and Blair, C. D. and Blair, D. G. and Blair, R. M. and Bloemen, S. and Bock, O. and Bode, N. and Boer, M. and Bogaert, G. and Bohe, A. and Bondu, F. and Bonilla, E. and Bonnand, R. and Boom, B. A. and Bork, R. and Boschi, V. and Bose, S. and Bossie, K. and Bouffanais, Y. and Bozzi, A. and Bradaschia, C. and Brady, P. R. and Branchesi, M. and Brau, J. E. and Briant, T. and Brillet, A. and Brinkmann, M. and Brisson, V. and Brockill, P. and Broida, J. E. and Brooks, A. F. and Brown, D. A. and Brown, D. D. and Brunett, S. and Buchanan, C. C. and Buikema, A. and Bulik, T. and Bulten, H. J. and Buonanno, A. and Buskulic, D. and Buy, C. and Byer, R. L. and Cabero, M. and Cadonati, L. and Cagnoli, G. and Cahillane, C. and Bustillo, J. Calderón and Callister, T. A. and Calloni, E. and Camp, J. B. and Canepa, M. and Canizares, P. and Cannon, K. C. and Cao, H. and Cao, J. and Capano, C. D. and Capocasa, E. and Carbognani, F. and Caride, S. and Carney, M. F. and Diaz, J. Casanueva and Casentini, C. and Caudill, S. and Cavaglià, M. and Cavalier, F. and Cavalieri, R. and Cella, G. and Cepeda, C. B. and Cerdá-Durán, P. and Cerretani, G. and Cesarini, E. and Chamberlin, S. J. and Chan, M. and Chao, S. and Charlton, P. and Chase, E. and Chassande-Mottin, E. and Chatterjee, D. and Chatziioannou, K. and Cheeseboro, B. D. and Chen, H. Y. and Chen, X. and Chen, Y. and Cheng, H.-P. and Chia, H. and Chincarini, A. and Chiummo, A. and Chmiel, T. and Cho, H. S. and Cho, M. and Chow, J. H. and Christensen, N. and Chu, Q. and Chua, A. J. K. and Chua, S. and Chung, A. K. W. and Chung, S. and Ciani, G. and Ciolfi, R. and Cirelli, C. E. and Cirone, A. and Clara, F. and Clark, J. A. and Clearwater, P. and Cleva, F. and Cocchieri, C. and Coccia, E. and Cohadon, P.-F. and Cohen, D. and Colla, A. and Collette, C. G. and Cominsky, L. R. and Jr., M. Constancio and Conti, L. and Cooper, S. J. and Corban, P. and Corbitt, T. R. and Cordero-Carrión, I. and Corley, K. R. and Cornish, N. and Corsi, A. and Cortese, S. and Costa, C. A. and Coughlin, M. W. and Coughlin, S. B. and Coulon, J.-P. and Countryman, S. T. and Couvares, P. and Covas, P. B. and Cowan, E. E. and Coward, D. M. and Cowart, M. J. and Coyne, D. C. and Coyne, R. and Creighton, J. D. E. and Creighton, T. D. and Cripe, J. and Crowder, S. G. and Cullen, T. J. and Cumming, A. and Cunningham, L. and Cuoco, E. and Canton, T. Dal and Dálya, G. and Danilishin, S. L. and D’Antonio, S. and Danzmann, K. and Dasgupta, A. and Da Silva Costa, C. F. and Dattilo, V. and Dave, I. and Davier, M. and Davis, D. and Daw, E. J. and Day, B. and De, S. and DeBra, D. and Degallaix, J. and Laurentis, M. De and Deléglise, S. and Pozzo, W. Del and Demos, N. and Denker, T. and Dent, T. and Pietri, R. De and Dergachev, V. and Rosa, R. De and DeRosa, R. T. and Rossi, C. De and DeSalvo, R. and Varona, O. de and Devenson, J. and Dhurandhar, S. and Díaz, M. C. and Fiore, L. Di and Giovanni, M. Di and Girolamo, T. Di and Lieto, A. Di and Pace, S. Di and Palma, I. Di and Renzo, F. Di and Doctor, Z. and Dolique, V. and Donovan, F. and Dooley, K. L. and Doravari, S. and Dorrington, I. and Douglas, R. and Álvarez, M. Dovale and Downes, T. P. and Drago, M. and Dreissigacker, C. and Driggers, J. C. and Du, Z. and Ducrot, M. and Dupej, P. and Dwyer, S. E. and Edo, T. B. and Edwards, M. C. and Effler, A. and Ehrens, P. and Eichholz, J. and Eikenberry, S. S. and Eisenstein, R. A. and Essick, R. C. and Estevez, D. and Etienne, Z. B. and Etzel, T. and Evans, M. and Evans, T. M. and Factourovich, M. and Fafone, V. and Fair, H. and Fairhurst, S. and Fan, X. and Farinon, S. and Farr, B. and Farr, W. M. and Fauchon-Jones, E. J. and Favata, M. and Fays, M. and Fee, C. and Fehrmann, H. and Feicht, J. and Fejer, M. M. and Fernandez-Galiana, A. and Ferrante, I. and Ferreira, E. C. and Ferrini, F. and Fidecaro, F. and Finstad, D. and Fiori, I. and Fiorucci, D. and Fishbach, M. and Fisher, R. P. and Fitz-Axen, M. and Flaminio, R. and Fletcher, M. and Fong, H. and Font, J. A. and Forsyth, P. W. F. and Forsyth, S. S. and Fournier, J.-D. and Frasca, S. and Frasconi, F. and Frei, Z. and Freise, A. and Frey, R. and Frey, V. and Fries, E. M. and Fritschel, P. and Frolov, V. V. and Fulda, P. and Fyffe, M. and Gabbard, H. and Gadre, B. U. and Gaebel, S. M. and Gair, J. R. and Gammaitoni, L. and Ganija, M. R. and Gaonkar, S. G. and Garcia-Quiros, C. and Garufi, F. and Gateley, B. and Gaudio, S. and Gaur, G. and Gayathri, V. and Gehrels, N. and Gemme, G. and Genin, E. and Gennai, A. and George, D. and George, J. and Gergely, L. and Germain, V. and Ghonge, S. and Ghosh, Abhirup and Ghosh, Archisman and Ghosh, S. and Giaime, J. A. and Giardina, K. D. and Giazotto, A. and Gill, K. and Glover, L. and Goetz, E. and Goetz, R. and Gomes, S. and Goncharov, B. and González, G. and Castro, J. M. Gonzalez and Gopakumar, A. and Gorodetsky, M. L. and Gossan, S. E. and Gosselin, M. and Gouaty, R. and Grado, A. and Graef, C. and Granata, M. and Grant, A. and Gras, S. and Gray, C. and Greco, G. and Green, A. C. and Gretarsson, E. M. and Griswold, B. and Groot, P. and Grote, H. and Grunewald, S. and Gruning, P. and Guidi, G. M. and Guo, X. and Gupta, A. and Gupta, M. K. and Gushwa, K. E. and Gustafson, E. K. and Gustafson, R. and Halim, O. and Hall, B. R. and Hall, E. D. and Hamilton, E. Z. and Hammond, G. and Haney, M. and Hanke, M. M. and Hanks, J. and Hanna, C. and Hannam, M. D. and Hannuksela, O. A. and Hanson, J. and Hardwick, T. and Harms, J. and Harry, G. M. and Harry, I. W. and Hart, M. J. and Haster, C.-J. and Haughian, K. and Healy, J. and Heidmann, A. and Heintze, M. C. and Heitmann, H. and Hello, P. and Hemming, G. and Hendry, M. and Heng, I. S. and Hennig, J. and Heptonstall, A. W. and Heurs, M. and Hild, S. and Hinderer, T. and Hoak, D. and Hofman, D. and Holt, K. and Holz, D. E. and Hopkins, P. and Horst, C. and Hough, J. and Houston, E. A. and Howell, E. J. and Hreibi, A. and Hu, Y. M. and Huerta, E. A. and Huet, D. and Hughey, B. and Husa, S. and Huttner, S. H. and Huynh-Dinh, T. and Indik, N. and Inta, R. and Intini, G. and Isa, H. N. and Isac, J.-M. and Isi, M. and Iyer, B. R. and Izumi, K. and Jacqmin, T. and Jani, K. and Jaranowski, P. and Jawahar, S. and Jiménez-Forteza, F. and Johnson, W. W. and Jones, D. I. and Jones, R. and Jonker, R. J. G. and Ju, L. and Junker, J. and Kalaghatgi, C. V. and Kalogera, V. and Kamai, B. and Kandhasamy, S. and Kang, G. and Kanner, J. B. and Kapadia, S. J. and Karki, S. and Karvinen, K. S. and Kasprzack, M. and Katolik, M. and Katsavounidis, E. and Katzman, W. and Kaufer, S. and Kawabe, K. and Kéfélian, F. and Keitel, D. and Kemball, A. J. and Kennedy, R. and Kent, C. and Key, J. S. and Khalili, F. Y. and Khan, I. and Khan, S. and Khan, Z. and Khazanov, E. A. and Kijbunchoo, N. and Kim, Chunglee and Kim, J. C. and Kim, K. and Kim, W. and Kim, W. S. and Kim, Y.-M. and Kimbrell, S. J. and King, E. J. and King, P. J. and Kinley-Hanlon, M. and Kirchhoff, R. and Kissel, J. S. and Kleybolte, L. and Klimenko, S. and Knowles, T. D. and Koch, P. and Koehlenbeck, S. M. and Koley, S. and Kondrashov, V. and Kontos, A. and Korobko, M. and Korth, W. Z. and Kowalska, I. and Kozak, D. B. and Krämer, C. and Kringel, V. and Krishnan, B. and Królak, A. and Kuehn, G. and Kumar, P. and Kumar, R. and Kumar, S. and Kuo, L. and Kutynia, A. and Kwang, S. and Lackey, B. D. and Lai, K. H. and Landry, M. and Lang, R. N. and Lange, J. and Lantz, B. and Lanza, R. K. and Larson, S. L. and Lartaux-Vollard, A. and Lasky, P. D. and Laxen, M. and Lazzarini, A. and Lazzaro, C. and Leaci, P. and Leavey, S. and Lee, C. H. and Lee, H. K. and Lee, H. M. and Lee, H. W. and Lee, K. and Lehmann, J. and Lenon, A. and Leonardi, M. and Leroy, N. and Letendre, N. and Levin, Y. and Li, T. G. F. and Linker, S. D. and Littenberg, T. B. and Liu, J. and Lo, R. K. L. and Lockerbie, N. A. and London, L. T. and Lord, J. E. and Lorenzini, M. and Loriette, V. and Lormand, M. and Losurdo, G. and Lough, J. D. and Lousto, C. O. and Lovelace, G. and Lück, H. and Lumaca, D. and Lundgren, A. P. and Lynch, R. and Ma, Y. and Macas, R. and Macfoy, S. and Machenschalk, B. and MacInnis, M. and Macleod, D. M. and Hernandez, I. Magaña and Magaña-Sandoval, F. and Zertuche, L. Magaña and Magee, R. M. and Majorana, E. and Maksimovic, I. and Man, N. and Mandic, V. and Mangano, V. and Mansell, G. L. and Manske, M. and Mantovani, M. and Marchesoni, F. and Marion, F. and Márka, S. and Márka, Z. and Markakis, C. and Markosyan, A. S. and Markowitz, A. and Maros, E. and Marquina, A. and Marsh, P. and Martelli, F. and Martellini, L. and Martin, I. W. and Martin, R. M. and Martynov, D. V. and Mason, K. and Massera, E. and Masserot, A. and Massinger, T. J. and Masso-Reid, M. and Mastrogiovanni, S. and Matas, A. and Matichard, F. and Matone, L. and Mavalvala, N. and Mazumder, N. and McCarthy, R. and McClelland, D. E. and McCormick, S. and McCuller, L. and McGuire, S. C. and McIntyre, G. and McIver, J. and McManus, D. J. and McNeill, L. and McRae, T. and McWilliams, S. T. and Meacher, D. and Meadors, G. D. and Mehmet, M. and Meidam, J. and Mejuto-Villa, E. and Melatos, A. and Mendell, G. and Mercer, R. A. and Merilh, E. L. and Merzougui, M. and Meshkov, S. and Messenger, C. and Messick, C. and Metzdorff, R. and Meyers, P. M. and Miao, H. and Michel, C. and Middleton, H. and Mikhailov, E. E. and Milano, L. and Miller, A. L. and Miller, B. B. and Miller, J. and Millhouse, M. and Milovich-Goff, M. C. and Minazzoli, O. and Minenkov, Y. and Ming, J. and Mishra, C. and Mitra, S. and Mitrofanov, V. P. and Mitselmakher, G. and Mittleman, R. and Moffa, D. and Moggi, A. and Mogushi, K. and Mohan, M. and Mohapatra, S. R. P. and Montani, M. and Moore, C. J. and Moraru, D. and Moreno, G. and Morriss, S. R. and Mours, B. and Mow-Lowry, C. M. and Mueller, G. and Muir, A. W. and Mukherjee, Arunava and Mukherjee, D. and Mukherjee, S. and Mukund, N. and Mullavey, A. and Munch, J. and Muñiz, E. A. and Muratore, M. and Murray, P. G. and Napier, K. and Nardecchia, I. and Naticchioni, L. and Nayak, R. K. and Neilson, J. and Nelemans, G. and Nelson, T. J. N. and Nery, M. and Neunzert, A. and Nevin, L. and Newport, J. M. and Newton, G. and Ng, K. K. Y. and Nguyen, P. and Nguyen, T. T. and Nichols, D. and Nielsen, A. B. and Nissanke, S. and Nitz, A. and Noack, A. and Nocera, F. and Nolting, D. and North, C. and Nuttall, L. K. and Oberling, J. and O’Dea, G. D. and Ogin, G. H. and Oh, J. J. and Oh, S. H. and Ohme, F. and Okada, M. A. and Oliver, M. and Oppermann, P. and Oram, Richard J. and O’Reilly, B. and Ormiston, R. and Ortega, L. F. and O’Shaughnessy, R. and Ossokine, S. and Ottaway, D. J. and Overmier, H. and Owen, B. J. and Pace, A. E. and Page, J. and Page, M. A. and Pai, A. and Pai, S. A. and Palamos, J. R. and Palashov, O. and Palomba, C. and Pal-Singh, A. and Pan, Howard and Pan, Huang-Wei and Pang, B. and Pang, P. T. H. and Pankow, C. and Pannarale, F. and Pant, B. C. and Paoletti, F. and Paoli, A. and Papa, M. A. and Parida, A. and Parker, W. and Pascucci, D. and Pasqualetti, A. and Passaquieti, R. and Passuello, D. and Patil, M. and Patricelli, B. and Pearlstone, B. L. and Pedraza, M. and Pedurand, R. and Pekowsky, L. and Pele, A. and Penn, S. and Perez, C. J. and Perreca, A. and Perri, L. M. and Pfeiffer, H. P. and Phelps, M. and Piccinni, O. J. and Pichot, M. and Piergiovanni, F. and Pierro, V. and Pillant, G. and Pinard, L. and Pinto, I. M. and Pirello, M. and Pitkin, M. and Poe, M. and Poggiani, R. and Popolizio, P. and Porter, E. K. and Post, A. and Powell, J. and Prasad, J. and Pratt, J. W. W. and Pratten, G. and Predoi, V. and Prestegard, T. and Price, L. R. and Prijatelj, M. and Principe, M. and Privitera, S. and Prodi, G. A. and Prokhorov, L. G. and Puncken, O. and Punturo, M. and Puppo, P. and Pürrer, M. and Qi, H. and Quetschke, V. and Quintero, E. A. and Quitzow-James, R. and Raab, F. J. and Rabeling, D. S. and Radkins, H. and Raffai, P. and Raja, S. and Rajan, C. and Rajbhandari, B. and Rakhmanov, M. and Ramirez, K. E. and Ramos-Buades, A. and Rapagnani, P. and Raymond, V. and Razzano, M. and Read, J. and Regimbau, T. and Rei, L. and Reid, S. and Reitze, D. H. and Ren, W. and Reyes, S. D. and Ricci, F. and Ricker, P. M. and Rieger, S. and Riles, K. and Rizzo, M. and Robertson, N. A. and Robie, R. and Robinet, F. and Rocchi, A. and Rolland, L. and Rollins, J. G. and Roma, V. J. and Romano, R. and Romel, C. L. and Romie, J. H. and Rosińska, D. and Ross, M. P. and Rowan, S. and Rüdiger, A. and Ruggi, P. and Rutins, G. and Ryan, K. and Sachdev, S. and Sadecki, T. and Sadeghian, L. and Sakellariadou, M. and Salconi, L. and Saleem, M. and Salemi, F. and Samajdar, A. and Sammut, L. and Sampson, L. M. and Sanchez, E. J. and Sanchez, L. E. and Sanchis-Gual, N. and Sandberg, V. and Sanders, J. R. and Sassolas, B. and Sathyaprakash, B. S. and Saulson, P. R. and Sauter, O. and Savage, R. L. and Sawadsky, A. and Schale, P. and Scheel, M. and Scheuer, J. and Schmidt, J. and Schmidt, P. and Schnabel, R. and Schofield, R. M. S. and Schönbeck, A. and Schreiber, E. and Schuette, D. and Schulte, B. W. and Schutz, B. F. and Schwalbe, S. G. and Scott, J. and Scott, S. M. and Seidel, E. and Sellers, D. and Sengupta, A. S. and Sentenac, D. and Sequino, V. and Sergeev, A. and Shaddock, D. A. and Shaffer, T. J. and Shah, A. A. and Shahriar, M. S. and Shaner, M. B. and Shao, L. and Shapiro, B. and Shawhan, P. and Sheperd, A. and Shoemaker, D. H. and Shoemaker, D. M. and Siellez, K. and Siemens, X. and Sieniawska, M. and Sigg, D. and Silva, A. D. and Singer, L. P. and Singh, A. and Singhal, A. and Sintes, A. M. and Slagmolen, B. J. J. and Smith, B. and Smith, J. R. and Smith, R. J. E. and Somala, S. and Son, E. J. and Sonnenberg, J. A. and Sorazu, B. and Sorrentino, F. and Souradeep, T. and Spencer, A. P. and Srivastava, A. K. and Staats, K. and Staley, A. and Steinke, M. and Steinlechner, J. and Steinlechner, S. and Steinmeyer, D. and Stevenson, S. P. and Stone, R. and Stops, D. J. and Strain, K. A. and Stratta, G. and Strigin, S. E. and Strunk, A. and Sturani, R. and Stuver, A. L. and Summerscales, T. Z. and Sun, L. and Sunil, S. and Suresh, J. and Sutton, P. J. and Swinkels, B. L. and Szczepańczyk, M. J. and Tacca, M. and Tait, S. C. and Talbot, C. and Talukder, D. and Tanner, D. B. and Tápai, M. and Taracchini, A. and Tasson, J. D. and Taylor, J. A. and Taylor, R. and Tewari, S. V. and Theeg, T. and Thies, F. and Thomas, E. G. and Thomas, M. and Thomas, P. and Thorne, K. A. and Thorne, K. S. and Thrane, E. and Tiwari, S. and Tiwari, V. and Tokmakov, K. V. and Toland, K. and Tonelli, M. and Tornasi, Z. and Torres-Forné, A. and Torrie, C. I. and Töyrä, D. and Travasso, F. and Traylor, G. and Trinastic, J. and Tringali, M. C. and Trozzo, L. and Tsang, K. W. and Tse, M. and Tso, R. and Tsukada, L. and Tsuna, D. and Tuyenbayev, D. and Ueno, K. and Ugolini, D. and Unnikrishnan, C. S. and Urban, A. L. and Usman, S. A. and Vahlbruch, H. and Vajente, G. and Valdes, G. and Bakel, N. van and Beuzekom, M. van and van den Brand, J. F. J. and Van Den Broeck, C. and Vander-Hyde, D. C. and van der Schaaf, L. and Heijningen, J. V. van and Veggel, A. A. van and Vardaro, M. and Varma, V. and Vass, S. and Vasúth, M. and Vecchio, A. and Vedovato, G. and Veitch, J. and Veitch, P. J. and Venkateswara, K. and Venugopalan, G. and Verkindt, D. and Vetrano, F. and Viceré, A. and Viets, A. D. and Vinciguerra, S. and Vine, D. J. and Vinet, J.-Y. and Vitale, S. and Vo, T. and Vocca, H. and Vorvick, C. and Vyatchanin, S. P. and Wade, A. R. and Wade, L. E. and Wade, M. and Walet, R. and Walker, M. and Wallace, L. and Walsh, S. and Wang, G. and Wang, H. and Wang, J. Z. and Wang, W. H. and Wang, Y. F. and Ward, R. L. and Warner, J. and Was, M. and Watchi, J. and Weaver, B. and Wei, L.-W. and Weinert, M. and Weinstein, A. J. and Weiss, R. and Wen, L. and Wessel, E. K. and Wessels, P. and Westerweck, J. and Westphal, T. and Wette, K. and Whelan, J. T. and Whitcomb, S. E. and Whiting, B. F. and Whittle, C. and Wilken, D. and Williams, D. and Williams, R. D. and Williamson, A. R. and Willis, J. L. and Willke, B. and Wimmer, M. H. and Winkler, W. and Wipf, C. C. and Wittel, H. and Woan, G. and Woehler, J. and Wofford, J. and Wong, K. W. K. and Worden, J. and Wright, J. L. and Wu, D. S. and Wysocki, D. M. and Xiao, S. and Yamamoto, H. and Yancey, C. C. and Yang, L. and Yap, M. J. and Yazback, M. and Yu, Hang and Yu, Haocun and Yvert, M. and Zadrożny, A. and Zanolin, M. and Zelenova, T. and Zendri, J.-P. and Zevin, M. and Zhang, L. and Zhang, M. and Zhang, T. and Zhang, Y.-H. and Zhao, C. and Zhou, M. and Zhou, Z. and Zhu, S. J. and Zhu, X. J. and Zimmerman, A. B. and Zucker, M. E. and Zweizig, J. and Wilson-Hodge, C. A. and Bissaldi, E. and Blackburn, L. and Briggs, M. S. and Burns, E. and Cleveland, W. H. and Connaughton, V. and Gibby, M. H. and Giles, M. M and Goldstein, A. and Hamburg, R. and Jenke, P. and Hui, C. M. and Kippen, R. M. and Kocevski, D. and McBreen, S. and Meegan, C. A. and Paciesas, W. S. and Poolakkil, S. and Preece, R. D. and Racusin, J. and Roberts, O. J. and Stanbro, M. and Veres, P. and von Kienlin, A. and Savchenko, V. and Ferrigno, C. and Kuulkers, E. and Bazzano, A. and Bozzo, E. and Brandt, S. and Chenevez, J. and Courvoisier, T. J.-L. and Diehl, R. and Domingo, A. and Hanlon, L. and Jourdain, E. and Laurent, P. and Lebrun, F. and Lutovinov, A. and Martin-Carrillo, A. and Mereghetti, S. and Natalucci, L. and Rodi, J. and Roques, J.-P. and Sunyaev, R. and Ubertini, P. and Aartsen, M. G. and Ackermann, M. and Adams, J. and Aguilar, J. A. and Ahlers, M. and Ahrens, M. and Samarai, I. Al and Altmann, D. and Andeen, K. and Anderson, T. and Ansseau, I. and Anton, G. and Argüelles, C. and Auffenberg, J. and Axani, S. and Bagherpour, H. and Bai, X. and Barron, J. P. and Barwick, S. W. and Baum, V. and Bay, R. and Beatty, J. J. and Tjus, J. Becker and Bernardini, E. and Besson, D. Z. and Binder, G. and Bindig, D. and Blaufuss, E. and Blot, S. and Bohm, C. and Börner, M. and Bos, F. and Bose, D. and Böser, S. and Botner, O. and Bourbeau, E. and Bourbeau, J. and Bradascio, F. and Braun, J. and Brayeur, L. and Brenzke, M. and Bretz, H.-P. and Bron, S. and Brostean-Kaiser, J. and Burgman, A. and Carver, T. and Casey, J. and Casier, M. and Cheung, E. and Chirkin, D. and Christov, A. and Clark, K. and Classen, L. and Coenders, S. and Collin, G. H. and Conrad, J. M. and Cowen, D. F. and Cross, R. and Day, M. and André, J. P. A. M. de and Clercq, C. De and DeLaunay, J. J. and Dembinski, H. and Ridder, S. De and Desiati, P. and Vries, K. D. de and Wasseige, G. de and With, M. de and DeYoung, T. and Díaz-Vélez, J. C. and Lorenzo, V. di and Dujmovic, H. and Dumm, J. P. and Dunkman, M. and Dvorak, E. and Eberhardt, B. and Ehrhardt, T. and Eichmann, B. and Eller, P. and Evenson, P. A. and Fahey, S. and Fazely, A. R. and Felde, J. and Filimonov, K. and Finley, C. and Flis, S. and Franckowiak, A. and Friedman, E. and Fuchs, T. and Gaisser, T. K. and Gallagher, J. and Gerhardt, L. and Ghorbani, K. and Giang, W. and Glauch, T. and Glüsenkamp, T. and Goldschmidt, A. and Gonzalez, J. G. and Grant, D. and Griffith, Z. and Haack, C. and Hallgren, A. and Halzen, F. and Hanson, K. and Hebecker, D. and Heereman, D. and Helbing, K. and Hellauer, R. and Hickford, S. and Hignight, J. and Hill, G. C. and Hoffman, K. D. and Hoffmann, R. and Hokanson-Fasig, B. and Hoshina, K. and Huang, F. and Huber, M. and Hultqvist, K. and Hünnefeld, M. and In, S. and Ishihara, A. and Jacobi, E. and Japaridze, G. S. and Jeong, M. and Jero, K. and Jones, B. J. P. and Kalaczynski, P. and Kang, W. and Kappes, A. and Karg, T. and Karle, A. and Kauer, M. and Keivani, A. and Kelley, J. L. and Kheirandish, A. and Kim, J. and Kim, M. and Kintscher, T. and Kiryluk, J. and Kittler, T. and Klein, S. R. and Kohnen, G. and Koirala, R. and Kolanoski, H. and Köpke, L. and Kopper, C. and Kopper, S. and Koschinsky, J. P. and Koskinen, D. J. and Kowalski, M. and Krings, K. and Kroll, M. and Krückl, G. and Kunnen, J. and Kunwar, S. and Kurahashi, N. and Kuwabara, T. and Kyriacou, A. and Labare, M. and Lanfranchi, J. L. and Larson, M. J. and Lauber, F. and Lesiak-Bzdak, M. and Leuermann, M. and Liu, Q. R. and Lu, L. and Lünemann, J. and Luszczak, W. and Madsen, J. and Maggi, G. and Mahn, K. B. M. and Mancina, S. and Maruyama, R. and Mase, K. and Maunu, R. and McNally, F. and Meagher, K. and Medici, M. and Meier, M. and Menne, T. and Merino, G. and Meures, T. and Miarecki, S. and Micallef, J. and Momenté, G. and Montaruli, T. and Moore, R. W. and Moulai, M. and Nahnhauer, R. and Nakarmi, P. and Naumann, U. and Neer, G. and Niederhausen, H. and Nowicki, S. C. and Nygren, D. R. and Pollmann, A. Obertacke and Olivas, A. and O’Murchadha, A. and Palczewski, T. and Pandya, H. and Pankova, D. V. and Peiffer, P. and Pepper, J. A. and Pérez de los Heros, C. and Pieloth, D. and Pinat, E. and Price, P. B. and Przybylski, G. T. and Raab, C. and Rädel, L. and Rameez, M. and Rawlins, K. and Rea, I. C. and Reimann, R. and Relethford, B. and Relich, M. and Resconi, E. and Rhode, W. and Richman, M. and Robertson, S. and Rongen, M. and Rott, C. and Ruhe, T. and Ryckbosch, D. and Rysewyk, D. and Sälzer, T. and Herrera, S. E. Sanchez and Sandrock, A. and Sandroos, J. and Santander, M. and Sarkar, S. and Sarkar, S. and Satalecka, K. and Schlunder, P. and Schmidt, T. and Schneider, A. and Schoenen, S. and Schöneberg, S. and Schumacher, L. and Seckel, D. and Seunarine, S. and Soedingrekso, J. and Soldin, D. and Song, M. and Spiczak, G. M. and Spiering, C. and Stachurska, J. and Stamatikos, M. and Stanev, T. and Stasik, A. and Stettner, J. and Steuer, A. and Stezelberger, T. and Stokstad, R. G. and Stössl, A. and Strotjohann, N. L. and Stuttard, T. and Sullivan, G. W. and Sutherland, M. and Taboada, I. and Tatar, J. and Tenholt, F. and Ter-Antonyan, S. and Terliuk, A. and Tešić, G. and Tilav, S. and Toale, P. A. and Tobin, M. N. and Toscano, S. and Tosi, D. and Tselengidou, M. and Tung, C. F. and Turcati, A. and Turley, C. F. and Ty, B. and Unger, E. and Usner, M. and Vandenbroucke, J. and Driessche, W. Van and Eijndhoven, N. van and Vanheule, S. and Santen, J. van and Vehring, M. and Vogel, E. and Vraeghe, M. and Walck, C. and Wallace, A. and Wallraff, M. and Wandler, F. D. and Wandkowsky, N. and Waza, A. and Weaver, C. and Weiss, M. J. and Wendt, C. and Werthebach, J. and Whelan, B. J. and Wiebe, K. and Wiebusch, C. H. and Wille, L. and Williams, D. R. and Wills, L. and Wolf, M. and Wood, T. R. and Woolsey, E. and Woschnagg, K. and Xu, D. L. and Xu, X. W. and Xu, Y. and Yanez, J. P. and Yodh, G. and Yoshida, S. and Yuan, T. and Zoll, M. and Balasubramanian, A. and Mate, S. and Bhalerao, V. and Bhattacharya, D. and Vibhute, A. and Dewangan, G. C. and Rao, A. R. and Vadawale, S. V. and Svinkin, D. S. and Hurley, K. and Aptekar, R. L. and Frederiks, D. D. and Golenetskii, S. V. and Kozlova, A. V. and Lysenko, A. L. and Oleynik, Ph. P. and Tsvetkova, A. E. and Ulanov, M. V. and Cline, T. and Li, T. P. and Xiong, S. L. and Zhang, S. N. and Lu, F. J. and Song, L. M. and Cao, X. L. and Chang, Z. and Chen, G. and Chen, L. and Chen, T. X. and Chen, Y. and Chen, Y. B. and Chen, Y. P. and Cui, W. and Cui, W. W. and Deng, J. K. and Dong, Y. W. and Du, Y. Y. and Fu, M. X. and Gao, G. H. and Gao, H. and Gao, M. and Ge, M. Y. and Gu, Y. D. and Guan, J. and Guo, C. C. and Han, D. W. and Hu, W. and Huang, Y. and Huo, J. and Jia, S. M. and Jiang, L. H. and Jiang, W. C. and Jin, J. and Jin, Y. J. and Li, B. and Li, C. K. and Li, G. and Li, M. S. and Li, W. and Li, X. and Li, X. B. and Li, X. F. and Li, Y. G. and Li, Z. J. and Li, Z. W. and Liang, X. H. and Liao, J. Y. and Liu, C. Z. and Liu, G. Q. and Liu, H. W. and Liu, S. Z. and Liu, X. J. and Liu, Y. and Liu, Y. N. and Lu, B. and Lu, X. F. and Luo, T. and Ma, X. and Meng, B. and Nang, Y. and Nie, J. Y. and Ou, G. and Qu, J. L. and Sai, N. and Sun, L. and Tan, Y. and Tao, L. and Tao, W. H. and Tuo, Y. L. and Wang, G. F. and Wang, H. Y. and Wang, J. and Wang, W. S. and Wang, Y. S. and Wen, X. Y. and Wu, B. B. and Wu, M. and Xiao, G. C. and Xu, H. and Xu, Y. P. and Yan, L. L. and Yang, J. W. and Yang, S. and Yang, Y. J. and Zhang, A. M. and Zhang, C. L. and Zhang, C. M. and Zhang, F. and Zhang, H. M. and Zhang, J. and Zhang, Q. and Zhang, S. and Zhang, T. and Zhang, W. and Zhang, W. C. and Zhang, W. Z. and Zhang, Y. and Zhang, Y. and Zhang, Y. F. and Zhang, Y. J. and Zhang, Z. and Zhang, Z. L. and Zhao, H. S. and Zhao, J. L. and Zhao, X. F. and Zheng, S. J. and Zhu, Y. and Zhu, Y. X. and Zou, C. L. and Albert, A. and André, M. and Anghinolfi, M. and Ardid, M. and Aubert, J.-J. and Aublin, J. and Avgitas, T. and Baret, B. and Barrios-Martí, J. and Basa, S. and Belhorma, B. and Bertin, V. and Biagi, S. and Bormuth, R. and Bourret, S. and Bouwhuis, M. C. and Brânzaş, H. and Bruijn, R. and Brunner, J. and Busto, J. and Capone, A. and Caramete, L. and Carr, J. and Celli, S. and Cherkaoui El Moursli, R. and Chiarusi, T. and Circella, M. and Coelho, J. A. B. and Coleiro, A. and Coniglione, R. and Costantini, H. and Coyle, P. and Creusot, A. and Díaz, A. F. and Deschamps, A. and Bonis, G. De and Distefano, C. and Palma, I. Di and Domi, A. and Donzaud, C. and Dornic, D. and Drouhin, D. and Eberl, T. and El Bojaddaini, I. and El Khayati, N. and Elsässer, D. and Enzenhöfer, A. and Ettahiri, A. and Fassi, F. and Felis, I. and Fusco, L. A. and Gay, P. and Giordano, V. and Glotin, H. and Grégoire, T. and Ruiz, R. Gracia and Graf, K. and Hallmann, S. and Haren, H. van and Heijboer, A. J. and Hello, Y. and Hernández-Rey, J. J. and Hössl, J. and Hofestädt, J. and Hugon, C. and Illuminati, G. and James, C. W. and Jong, M. de and Jongen, M. and Kadler, M. and Kalekin, O. and Katz, U. and Kiessling, D. and Kouchner, A. and Kreter, M. and Kreykenbohm, I. and Kulikovskiy, V. and Lachaud, C. and Lahmann, R. and Lefèvre, D. and Leonora, E. and Lotze, M. and Loucatos, S. and Marcelin, M. and Margiotta, A. and Marinelli, A. and Martínez-Mora, J. A. and Mele, R. and Melis, K. and Michael, T. and Migliozzi, P. and Moussa, A. and Navas, S. and Nezri, E. and Organokov, M. and Păvălaş, G. E. and Pellegrino, C. and Perrina, C. and Piattelli, P. and Popa, V. and Pradier, T. and Quinn, L. and Racca, C. and Riccobene, G. and Sánchez-Losa, A. and Saldaña, M. and Salvadori, I. and Samtleben, D. F. E. and Sanguineti, M. and Sapienza, P. and Sieger, C. and Spurio, M. and Stolarczyk, Th. and Taiuti, M. and Tayalati, Y. and Trovato, A. and Turpin, D. and Tönnis, C. and Vallage, B. and Elewyck, V. Van and Versari, F. and Vivolo, D. and Vizzoca, A. and Wilms, J. and Zornoza, J. D. and Zúñiga, J. and Beardmore, A. P. and Breeveld, A. A. and Burrows, D. N. and Cenko, S. B. and Cusumano, G. and D’Aì, A. and de Pasquale, M. and Emery, S. W. K. and Evans, P. A. and Giommi, P. and Gronwall, C. and Kennea, J. A. and Krimm, H. A. and Kuin, N. P. M. and Lien, A. and Marshall, F. E. and Melandri, A. and Nousek, J. A. and Oates, S. R. and Osborne, J. P. and Pagani, C. and Page, K. L. and Palmer, D. M. and Perri, M. and Siegel, M. H. and Sbarufatti, B. and Tagliaferri, G. and Tohuvavohu, A. and Tavani, M. and Verrecchia, F. and Bulgarelli, A. and Evangelista, Y. and Pacciani, L. and Feroci, M. and Pittori, C. and Giuliani, A. and Monte, E. Del and Donnarumma, I. and Argan, A. and Trois, A. and Ursi, A. and Cardillo, M. and Piano, G. and Longo, F. and Lucarelli, F. and Munar-Adrover, P. and Fuschino, F. and Labanti, C. and Marisaldi, M. and Minervini, G. and Fioretti, V. and Parmiggiani, N. and Gianotti, F. and Trifoglio, M. and Persio, G. Di and Antonelli, L. A. and Barbiellini, G. and Caraveo, P. and Cattaneo, P. W. and Costa, E. and Colafrancesco, S. and D’Amico, F. and Ferrari, A. and Morselli, A. and Paoletti, F. and Picozza, P. and Pilia, M. and Rappoldi, A. and Soffitta, P. and Vercellone, S. and Foley, R. J. and Coulter, D. A. and Kilpatrick, C. D. and Drout, M. R. and Piro, A. L. and Shappee, B. J. and Siebert, M. R. and Simon, J. D. and Ulloa, N. and Kasen, D. and Madore, B. F. and Murguia-Berthier, A. and Pan, Y.-C. and Prochaska, J. X. and Ramirez-Ruiz, E. and Rest, A. and Rojas-Bravo, C. and Berger, E. and Soares-Santos, M. and Annis, J. and Alexander, K. D. and Allam, S. and Balbinot, E. and Blanchard, P. and Brout, D. and Butler, R. E. and Chornock, R. and Cook, E. R. and Cowperthwaite, P. and Diehl, H. T. and Drlica-Wagner, A. and Drout, M. R. and Durret, F. and Eftekhari, T. and Finley, D. A. and Fong, W. and Frieman, J. A. and Fryer, C. L. and García-Bellido, J. and Gruendl, R. A. and Hartley, W. and Herner, K. and Kessler, R. and Lin, H. and Lopes, P. A. A. and Lourenço, A. C. C. and Margutti, R. and Marshall, J. L. and Matheson, T. and Medina, G. E. and Metzger, B. D. and Muñoz, R. R. and Muir, J. and Nicholl, M. and Nugent, P. and Palmese, A. and Paz-Chinchón, F. and Quataert, E. and Sako, M. and Sauseda, M. and Schlegel, D. J. and Scolnic, D. and Secco, L. F. and Smith, N. and Sobreira, F. and Villar, V. A. and Vivas, A. K. and Wester, W. and Williams, P. K. G. and Yanny, B. and Zenteno, A. and Zhang, Y. and Abbott, T. M. C. and Banerji, M. and Bechtol, K. and Benoit-Lévy, A. and Bertin, E. and Brooks, D. and Buckley-Geer, E. and Burke, D. L. and Capozzi, D. and Rosell, A. Carnero and Kind, M. Carrasco and Castander, F. J. and Crocce, M. and Cunha, C. E. and D’Andrea, C. B. and da Costa, L. N. and Davis, C. and DePoy, D. L. and Desai, S. and Dietrich, J. P. and Eifler, T. F. and Fernandez, E. and Flaugher, B. and Fosalba, P. and Gaztanaga, E. and Gerdes, D. W. and Giannantonio, T. and Goldstein, D. A. and Gruen, D. and Gschwend, J. and Gutierrez, G. and Honscheid, K. and James, D. J. and Jeltema, T. and Johnson, M. W. G. and Johnson, M. D. and Kent, S. and Krause, E. and Kron, R. and Kuehn, K. and Lahav, O. and Lima, M. and Maia, M. A. G. and March, M. and Martini, P. and McMahon, R. G. and Menanteau, F. and Miller, C. J. and Miquel, R. and Mohr, J. J. and Nichol, R. C. and Ogando, R. L. C. and Plazas, A. A. and Romer, A. K. and Roodman, A. and Rykoff, E. S. and Sanchez, E. and Scarpine, V. and Schindler, R. and Schubnell, M. and Sevilla-Noarbe, I. and Sheldon, E. and Smith, M. and Smith, R. C. and Stebbins, A. and Suchyta, E. and Swanson, M. E. C. and Tarle, G. and Thomas, R. C. and Troxel, M. A. and Tucker, D. L. and Vikram, V. and Walker, A. R. and Wechsler, R. H. and Weller, J. and Carlin, J. L. and Gill, M. S. S. and Li, T. S. and Marriner, J. and Neilsen, E. and Haislip, J. B. and Kouprianov, V. V. and Reichart, D. E. and Sand, D. J. and Tartaglia, L. and Valenti, S. and Yang, S. and Benetti, S. and Brocato, E. and Campana, S. and Cappellaro, E. and Covino, S. and D’Avanzo, P. and D’Elia, V. and Getman, F. and Ghirlanda, G. and Ghisellini, G. and Limatola, L. and Nicastro, L. and Palazzi, E. and Pian, E. and Piranomonte, S. and Possenti, A. and Rossi, A. and Salafia, O. S. and Tomasella, L. and Amati, L. and Antonelli, L. A. and Bernardini, M. G. and Bufano, F. and Capaccioli, M. and Casella, P. and Dadina, M. and Cesare, G. De and Paola, A. Di and Giuffrida, G. and Giunta, A. and Israel, G. L. and Lisi, M. and Maiorano, E. and Mapelli, M. and Masetti, N. and Pescalli, A. and Pulone, L. and Salvaterra, R. and Schipani, P. and Spera, M. and Stamerra, A. and Stella, L. and Testa, V. and Turatto, M. and Vergani, D. and Aresu, G. and Bachetti, M. and Buffa, F. and Burgay, M. and Buttu, M. and Caria, T. and Carretti, E. and Casasola, V. and Castangia, P. and Carboni, G. and Casu, S. and Concu, R. and Corongiu, A. and Deiana, G. L. and Egron, E. and Fara, A. and Gaudiomonte, F. and Gusai, V. and Ladu, A. and Loru, S. and Leurini, S. and Marongiu, L. and Melis, A. and Melis, G. and Migoni, Carlo and Milia, Sabrina and Navarrini, Alessandro and Orlati, A. and Ortu, P. and Palmas, S. and Pellizzoni, A. and Perrodin, D. and Pisanu, T. and Poppi, S. and Righini, S. and Saba, A. and Serra, G. and Serrau, M. and Stagni, M. and Surcis, G. and Vacca, V. and Vargiu, G. P. and Hunt, L. K. and Jin, Z. P. and Klose, S. and Kouveliotou, C. and Mazzali, P. A. and Møller, P. and Nava, L. and Piran, T. and Selsing, J. and Vergani, S. D. and Wiersema, K. and Toma, K. and Higgins, A. B. and Mundell, C. G. and di Serego Alighieri, S. and Gótz, D. and Gao, W. and Gomboc, A. and Kaper, L. and Kobayashi, S. and Kopac, D. and Mao, J. and Starling, R. L. C. and Steele, I. and van der Horst, A. J. and Acero, F. and Atwood, W. B. and Baldini, L. and Barbiellini, G. and Bastieri, D. and Berenji, B. and Bellazzini, R. and Bissaldi, E. and Blandford, R. D. and Bloom, E. D. and Bonino, R. and Bottacini, E. and Bregeon, J. and Buehler, R. and Buson, S. and Cameron, R. A. and Caputo, R. and Caraveo, P. A. and Cavazzuti, E. and Chekhtman, A. and Cheung, C. C. and Chiang, J. and Ciprini, S. and Cohen-Tanugi, J. and Cominsky, L. R. and Costantin, D. and Cuoco, A. and D’Ammando, F. and Palma, F. de and Digel, S. W. and Lalla, N. Di and Mauro, M. Di and Venere, L. Di and Dubois, R. and Fegan, S. J. and Focke, W. B. and Franckowiak, A. and Fukazawa, Y. and Funk, S. and Fusco, P. and Gargano, F. and Gasparrini, D. and Giglietto, N. and Giordano, F. and Giroletti, M. and Glanzman, T. and Green, D. and Grondin, M.-H. and Guillemot, L. and Guiriec, S. and Harding, A. K. and Horan, D. and Jóhannesson, G. and Kamae, T. and Kensei, S. and Kuss, M. and Mura, G. La and Latronico, L. and Lemoine-Goumard, M. and Longo, F. and Loparco, F. and Lovellette, M. N. and Lubrano, P. and Magill, J. D. and Maldera, S. and Manfreda, A. and Mazziotta, M. N. and McEnery, J. E. and Meyer, M. and Michelson, P. F. and Mirabal, N. and Monzani, M. E. and Moretti, E. and Morselli, A. and Moskalenko, I. V. and Negro, M. and Nuss, E. and Ojha, R. and Omodei, N. and Orienti, M. and Orlando, E. and Palatiello, M. and Paliya, V. S. and Paneque, D. and Pesce-Rollins, M. and Piron, F. and Porter, T. A. and Principe, G. and Rainò, S. and Rando, R. and Razzano, M. and Razzaque, S. and Reimer, A. and Reimer, O. and Reposeur, T. and Rochester, L. S. and Parkinson, P. M. Saz and Sgrò, C. and Siskind, E. J. and Spada, F. and Spandre, G. and Suson, D. J. and Takahashi, M. and Tanaka, Y. and Thayer, J. G. and Thayer, J. B. and Thompson, D. J. and Tibaldo, L. and Torres, D. F. and Torresi, E. and Troja, E. and Venters, T. M. and Vianello, G. and Zaharijas, G. and Allison, J. R. and Bannister, K. W. and Dobie, D. and Kaplan, D. L. and Lenc, E. and Lynch, C. and Murphy, T. and Sadler, E. M. and Hotan, A. and James, C. W. and Oslowski, S. and Raja, W. and Shannon, R. M. and Whiting, M. and Arcavi, I. and Howell, D. A. and McCully, C. and Hosseinzadeh, G. and Hiramatsu, D. and Poznanski, D. and Barnes, J. and Zaltzman, M. and Vasylyev, S. and Maoz, D. and Cooke, J. and Bailes, M. and Wolf, C. and Deller, A. T. and Lidman, C. and Wang, L. and Gendre, B. and Andreoni, I. and Ackley, K. and Pritchard, T. A. and Bessell, M. S. and Chang, S.-W. and Möller, A. and Onken, C. A. and Scalzo, R. A. and Ridden-Harper, R. and Sharp, R. G. and Tucker, B. E. and Farrell, T. J. and Elmer, E. and Johnston, S. and Krishnan, V. Venkatraman and Keane, E. F. and Green, J. A. and Jameson, A. and Hu, L. and Ma, B. and Sun, T. and Wu, X. and Wang, X. and Shang, Z. and Hu, Y. and Ashley, M. C. B. and Yuan, X. and Li, X. and Tao, C. and Zhu, Z. and Zhang, H. and Suntzeff, N. B. and Zhou, J. and Yang, J. and Orange, B. and Morris, D. and Cucchiara, A. and Giblin, T. and Klotz, A. and Staff, J. and Thierry, P. and Schmidt, B. P. and Tanvir, N. R. and Levan, A. J. and Cano, Z. and de Ugarte-Postigo, A. and González-Fernández, C. and Greiner, J. and Hjorth, J. and Irwin, M. and Krühler, T. and Mandel, I. and Milvang-Jensen, B. and O’Brien, P. and Rol, E. and Rosetti, S. and Rosswog, S. and Rowlinson, A. and Steeghs, D. T. H. and Thöne, C. C. and Ulaczyk, K. and Watson, D. and Bruun, S. H. and Cutter, R. and Figuera Jaimes, R. and Fujii, Y. I. and Fruchter, A. S. and Gompertz, B. and Jakobsson, P. and Hodosan, G. and Jèrgensen, U. G. and Kangas, T. and Kann, D. A. and Rabus, M. and Schrøder, S. L. and Stanway, E. R. and Wijers, R. A. M. J. and Lipunov, V. M. and Gorbovskoy, E. S. and Kornilov, V. G. and Tyurina, N. V. and Balanutsa, P. V. and Kuznetsov, A. S. and Vlasenko, D. M. and Podesta, R. C. and Lopez, C. and Podesta, F. and Levato, H. O. and Saffe, C. and Mallamaci, C. C. and Budnev, N. M. and Gress, O. A. and Kuvshinov, D. A. and Gorbunov, I. A. and Vladimirov, V. V. and Zimnukhov, D. S. and Gabovich, A. V. and Yurkov, V. V. and Sergienko, Yu. P. and Rebolo, R. and Serra-Ricart, M. and Tlatov, A. G. and Ishmuhametova, Yu. V. and Abe, F. and Aoki, K. and Aoki, W. and Asakura, Y. and Baar, S. and Barway, S. and Bond, I. A. and Doi, M. and Finet, F. and Fujiyoshi, T. and Furusawa, H. and Honda, S. and Itoh, R. and Kanda, N. and Kawabata, K. S. and Kawabata, M. and Kim, J. H. and Koshida, S. and Kuroda, D. and Lee, C.-H. and Liu, W. and Matsubayashi, K. and Miyazaki, S. and Morihana, K. and Morokuma, T. and Motohara, K. and Murata, K. L. and Nagai, H. and Nagashima, H. and Nagayama, T. and Nakaoka, T. and Nakata, F. and Ohsawa, R. and Ohshima, T. and Ohta, K. and Okita, H. and Saito, T. and Saito, Y. and Sako, S. and Sekiguchi, Y. and Sumi, T. and Tajitsu, A. and Takahashi, J. and Takayama, M. and Tamura, Y. and Tanaka, I. and Tanaka, M. and Terai, T. and Tominaga, N. and Tristram, P. J. and Uemura, M. and Utsumi, Y. and Yamaguchi, M. S. and Yasuda, N. and Yoshida, M. and Zenko, T. and Adams, S. M. and Anupama, G. C. and Bally, J. and Barway, S. and Bellm, E. and Blagorodnova, N. and Cannella, C. and Chandra, P. and Chatterjee, D. and Clarke, T. E. and Cobb, B. E. and Cook, D. O. and Copperwheat, C. and De, K. and Emery, S. W. K. and Feindt, U. and Foster, K. and Fox, O. D. and Frail, D. A. and Fremling, C. and Frohmaier, C. and Garcia, J. A. and Ghosh, S. and Giacintucci, S. and Goobar, A. and Gottlieb, O. and Grefenstette, B. W. and Hallinan, G. and Harrison, F. and Heida, M. and Helou, G. and Ho, A. Y. Q. and Horesh, A. and Hotokezaka, K. and Ip, W.-H. and Itoh, R. and Jacobs, Bob and Jencson, J. E. and Kasen, D. and Kasliwal, M. M. and Kassim, N. E. and Kim, H. and Kiran, B. S. and Kuin, N. P. M. and Kulkarni, S. R. and Kupfer, T. and Lau, R. M. and Madsen, K. and Mazzali, P. A. and Miller, A. A. and Miyasaka, H and Mooley, K. and Myers, S. T. and Nakar, E. and Ngeow, C.-C. and Nugent, P. and Ofek, E. O. and Palliyaguru, N. and Pavana, M. and Perley, D. A. and Peters, W. M. and Pike, S. and Piran, T. and Qi, H. and Quimby, R. M. and Rana, J. and Rosswog, S. and Rusu, F. and Sadler, E. M. and Sistine, A. Van and Sollerman, J. and Xu, Y. and Yan, L. and Yatsu, Y. and Yu, P.-C. and Zhang, C. and Zhao, W. and Chambers, K. C. and Huber, M. E. and Schultz, A. S. B. and Bulger, J. and Flewelling, H. and Magnier, E. A. and Lowe, T. B. and Wainscoat, R. J. and Waters, C. and Willman, M. and Ebisawa, K. and Hanyu, C. and Harita, S. and Hashimoto, T. and Hidaka, K. and Hori, T. and Ishikawa, M. and Isobe, N. and Iwakiri, W. and Kawai, H. and Kawai, N. and Kawamuro, T. and Kawase, T. and Kitaoka, Y. and Makishima, K. and Matsuoka, M. and Mihara, T. and Morita, T. and Morita, K. and Nakahira, S. and Nakajima, M. and Nakamura, Y. and Negoro, H. and Oda, S. and Sakamaki, A. and Sasaki, R. and Serino, M. and Shidatsu, M. and Shimomukai, R. and Sugawara, Y. and Sugita, S. and Sugizaki, M. and Tachibana, Y. and Takao, Y. and Tanimoto, A. and Tomida, H. and Tsuboi, Y. and Tsunemi, H. and Ueda, Y. and Ueno, S. and Yamada, S. and Yamaoka, K. and Yamauchi, M. and Yatabe, F. and Yoneyama, T. and Yoshii, T. and Coward, D. M. and Crisp, H. and Macpherson, D. and Andreoni, I. and Laugier, R. and Noysena, K. and Klotz, A. and Gendre, B. and Thierry, P. and Turpin, D. and Im, M. and Choi, C. and Kim, J. and Yoon, Y. and Lim, G. and Lee, S.-K. and Lee, C.-U. and Kim, S.-L. and Ko, S.-W. and Joe, J. and Kwon, M.-K. and Kim, P.-J. and Lim, S.-K. and Choi, J.-S. and Fynbo, J. P. U. and Malesani, D. and Xu, D. and Smartt, S. J. and Jerkstrand, A. and Kankare, E. and Sim, S. A. and Fraser, M. and Inserra, C. and Maguire, K. and Leloudas, G. and Magee, M. and Shingles, L. J. and Smith, K. W. and Young, D. R. and Kotak, R. and Gal-Yam, A. and Lyman, J. D. and Homan, D. S. and Agliozzo, C. and Anderson, J. P. and Angus, C. R. and Ashall, C. and Barbarino, C. and Bauer, F. E. and Berton, M. and Botticella, M. T. and Bulla, M. and Cannizzaro, G. and Cartier, R. and Cikota, A. and Clark, P. and De Cia, A. and Della Valle, M. and Dennefeld, M. and Dessart, L. and Dimitriadis, G. and Elias-Rosa, N. and Firth, R. E. and Flörs, A. and Frohmaier, C. and Galbany, L. and González-Gaitán, S. and Gromadzki, M. and Gutiérrez, C. P. and Hamanowicz, A. and Harmanen, J. and Heintz, K. E. and Hernandez, M.-S. and Hodgkin, S. T. and Hook, I. M. and Izzo, L. and James, P. A. and Jonker, P. G. and Kerzendorf, W. E. and Kostrzewa-Rutkowska, Z. and Kromer, M. and Kuncarayakti, H. and Lawrence, A. and Manulis, I. and Mattila, S. and McBrien, O. and Müller, A. and Nordin, J. and O’Neill, D. and Onori, F. and Palmerio, J. T. and Pastorello, A. and Patat, F. and Pignata, G. and Podsiadlowski, P. and Razza, A. and Reynolds, T. and Roy, R. and Ruiter, A. J. and Rybicki, K. A. and Salmon, L. and Pumo, M. L. and Prentice, S. J. and Seitenzahl, I. R. and Smith, M. and Sollerman, J. and Sullivan, M. and Szegedi, H. and Taddia, F. and Taubenberger, S. and Terreran, G. and Van Soelen, B. and Vos, J. and Walton, N. A. and Wright, D. E. and Wyrzykowski, L. and Yaron, O. and Chen, T.-W. and Krühler, T. and Schady, P. and Wiseman, P. and Greiner, J. and Rau, A. and Schweyer, T. and Klose, S. and Nicuesa Guelbenzu, A. and Palliyaguru, N. T. and Shara, M. M. and Williams, T. and Vaisanen, P. and Potter, S. B. and Colmenero, E. Romero and Crawford, S. and Buckley, D. A. H. and Mao, J. and Díaz, M. C. and Macri, L. M. and García Lambas, D. and Mendes de Oliveira, C. and Nilo Castellón, J. L. and Ribeiro, T. and Sánchez, B. and Schoenell, W. and Abramo, L. R. and Akras, S. and Alcaniz, J. S. and Artola, R. and Beroiz, M. and Bonoli, S. and Cabral, J. and Camuccio, R. and Chavushyan, V. and Coelho, P. and Colazo, C. and Costa-Duarte, M. V. and Cuevas Larenas, H. and Domínguez Romero, M. and Dultzin, D. and Fernández, D. and García, J. and Girardini, C. and Gonçalves, D. R. and Gonçalves, T. S. and Gurovich, S. and Jiménez-Teja, Y. and Kanaan, A. and Lares, M. and Lopes de Oliveira, R. and López-Cruz, O. and Melia, R. and Molino, A. and Padilla, N. and Peñuela, T. and Placco, V. M. and Quiñones, C. and Ramírez Rivera, A. and Renzi, V. and Riguccini, L. and Ríos-López, E. and Rodriguez, H. and Sampedro, L. and Schneiter, M. and Sodré, L. and Starck, M. and Torres-Flores, S. and Tornatore, M. and Zadrożny, A. and Castillo, M. and Castro-Tirado, A. J. and Tello, J. C. and Hu, Y.-D. and Zhang, B.-B. and Cunniffe, R. and Castellón, A. and Hiriart, D. and Caballero-García, M. D. and Jelínek, M. and Kubánek, P. and Pérez del Pulgar, C. and Park, I. H. and Jeong, S. and Castro Cerón, J. M. and Pandey, S. B. and Yock, P. C. and Querel, R. and Fan, Y. and Wang, C. and Beardsley, A and Brown, I. S. and Crosse, B. and Emrich, D. and Franzen, T. and Gaensler, B. M. and Horsley, L. and Johnston-Hollitt, M. and Kenney, D. and Morales, M. F. and Pallot, D. and Sokolowski, M. and Steele, K. and Tingay, S. J. and Trott, C. M. and Walker, M. and Wayth, R. and Williams, A. and Wu, C. and Yoshida, A. and Sakamoto, T. and Kawakubo, Y. and Yamaoka, K. and Takahashi, I. and Asaoka, Y. and Ozawa, S. and Torii, S. and Shimizu, Y. and Tamura, T. and Ishizaki, W. and Cherry, M. L. and Ricciarini, S. and Penacchioni, A. V. and Marrocchesi, P. S. and Pozanenko, A. S. and Volnova, A. A. and Mazaeva, E. D. and Minaev, P. Yu. and Krugov, M. A. and Kusakin, A. V. and Reva, I. V. and Moskvitin, A. S. and Rumyantsev, V. V. and Inasaridze, R. and Klunko, E. V. and Tungalag, N. and Schmalz, S. E. and Burhonov, O. and Abdalla, H. and Abramowski, A. and Aharonian, F. and Benkhali, F. Ait and Angüner, E. O. and Arakawa, M. and Arrieta, M. and Aubert, P. and Backes, M. and Balzer, A. and Barnard, M. and Becherini, Y. and Tjus, J. Becker and Berge, D. and Bernhard, S. and Bernlöhr, K. and Blackwell, R. and Böttcher, M. and Boisson, C. and Bolmont, J. and Bonnefoy, S. and Bordas, P. and Bregeon, J. and Brun, F. and Brun, P. and Bryan, M. and Büchele, M. and Bulik, T. and Capasso, M. and Caroff, S. and Carosi, A. and Casanova, S. and Cerruti, M. and Chakraborty, N. and Chaves, R. C. G. and Chen, A. and Chevalier, J. and Colafrancesco, S. and Condon, B. and Conrad, J. and Davids, I. D. and Decock, J. and Deil, C. and Devin, J. and deWilt, P. and Dirson, L. and Djannati-Ataï, A. and Donath, A. and O’C. Drury, L. and Dutson, K. and Dyks, J. and Edwards, T. and Egberts, K. and Emery, G. and Ernenwein, J.-P. and Eschbach, S. and Farnier, C. and Fegan, S. and Fernandes, M. V. and Fiasson, A. and Fontaine, G. and Funk, S. and Füssling, M. and Gabici, S. and Gallant, Y. A. and Garrigoux, T. and Gaté, F. and Giavitto, G. and Giebels, B. and Glawion, D. and Glicenstein, J. F. and Gottschall, D. and Grondin, M.-H. and Hahn, J. and Haupt, M. and Hawkes, J. and Heinzelmann, G. and Henri, G. and Hermann, G. and Hinton, J. A. and Hofmann, W. and Hoischen, C. and Holch, T. L. and Holler, M. and Horns, D. and Ivascenko, A. and Iwasaki, H. and Jacholkowska, A. and Jamrozy, M. and Jankowsky, D. and Jankowsky, F. and Jingo, M. and Jouvin, L. and Jung-Richardt, I. and Kastendieck, M. A. and Katarzyński, K. and Katsuragawa, M. and Kerszberg, D. and Khangulyan, D. and Khélifi, B. and King, J. and Klepser, S. and Klochkov, D. and Kluźniak, W. and Komin, Nu. and Kosack, K. and Krakau, S. and Kraus, M. and Krüger, P. P. and Laffon, H. and Lamanna, G. and Lau, J. and Lees, J.-P. and Lefaucheur, J. and Lemière, A. and Lemoine-Goumard, M. and Lenain, J.-P. and Leser, E. and Lohse, T. and Lorentz, M. and Liu, R. and Lypova, I. and Malyshev, D. and Marandon, V. and Marcowith, A. and Mariaud, C. and Marx, R. and Maurin, G. and Maxted, N. and Mayer, M. and Meintjes, P. J. and Meyer, M. and Mitchell, A. M. W. and Moderski, R. and Mohamed, M. and Mohrmann, L. and Morå, K. and Moulin, E. and Murach, T. and Nakashima, S. and Naurois, M. de and Ndiyavala, H. and Niederwanger, F. and Niemiec, J. and Oakes, L. and O’Brien, P. and Odaka, H. and Ohm, S. and Ostrowski, M. and Oya, I. and Padovani, M. and Panter, M. and Parsons, R. D. and Pekeur, N. W. and Pelletier, G. and Perennes, C. and Petrucci, P.-O. and Peyaud, B. and Piel, Q. and Pita, S. and Poireau, V. and Poon, H. and Prokhorov, D. and Prokoph, H. and Pühlhofer, G. and Punch, M. and Quirrenbach, A. and Raab, S. and Rauth, R. and Reimer, A. and Reimer, O. and Renaud, M. and de los Reyes, R. and Rieger, F. and Rinchiuso, L. and Romoli, C. and Rowell, G. and Rudak, B. and Rulten, C. B. and Sahakian, V. and Saito, S. and Sanchez, D. A. and Santangelo, A. and Sasaki, M. and Schlickeiser, R. and Schüssler, F. and Schulz, A. and Schwanke, U. and Schwemmer, S. and Seglar-Arroyo, M. and Settimo, M. and Seyffert, A. S. and Shafi, N. and Shilon, I. and Shiningayamwe, K. and Simoni, R. and Sol, H. and Spanier, F. and Spir-Jacob, M. and Stawarz, L. and Steenkamp, R. and Stegmann, C. and Steppa, C. and Sushch, I. and Takahashi, T. and Tavernet, J.-P. and Tavernier, T. and Taylor, A. M. and Terrier, R. and Tibaldo, L. and Tiziani, D. and Tluczykont, M. and Trichard, C. and Tsirou, M. and Tsuji, N. and Tuffs, R. and Uchiyama, Y. and van der Walt, D. J. and Eldik, C. van and Rensburg, C. van and Soelen, B. van and Vasileiadis, G. and Veh, J. and Venter, C. and Viana, A. and Vincent, P. and Vink, J. and Voisin, F. and Völk, H. J. and Vuillaume, T. and Wadiasingh, Z. and Wagner, S. J. and Wagner, P. and Wagner, R. M. and White, R. and Wierzcholska, A. and Willmann, P. and Wörnlein, A. and Wouters, D. and Yang, R. and Zaborov, D. and Zacharias, M. and Zanin, R. and Zdziarski, A. A. and Zech, A. and Zefi, F. and Ziegler, A. and Zorn, J. and Żywucka, N. and Fender, R. P. and Broderick, J. W. and Rowlinson, A. and Wijers, R. A. M. J. and Stewart, A. J. and ter Veen, S. and Shulevski, A. and Kavic, M. and Simonetti, J. H. and League, C. and Tsai, J. and Obenberger, K. S. and Nathaniel, K. and Taylor, G. B. and Dowell, J. D. and Liebling, S. L. and Estes, J. A. and Lippert, M. and Sharma, I. and Vincent, P. and Farella, B. and Abeysekara, A. U. and Albert, A. and Alfaro, R. and Alvarez, C. and Arceo, R. and Arteaga-Velázquez, J. C. and Avila Rojas, D. and Ayala Solares, H. A. and Barber, A. S. and Becerra Gonzalez, J. and Becerril, A. and Belmont-Moreno, E. and BenZvi, S. Y. and Berley, D. and Bernal, A. and Braun, J. and Brisbois, C. and Caballero-Mora, K. S. and Capistrán, T. and Carramiñana, A. and Casanova, S. and Castillo, M. and Cotti, U. and Cotzomi, J. and Coutiño de León, S. and De León, C. and De la Fuente, E. and Diaz Hernandez, R. and Dichiara, S. and Dingus, B. L. and DuVernois, M. A. and Díaz-Vélez, J. C. and Ellsworth, R. W. and Engel, K. and Enríquez-Rivera, O. and Fiorino, D. W. and Fleischhack, H. and Fraija, N. and García-González, J. A. and Garfias, F. and Gerhardt, M. and Gonzõlez Muñoz, A. and González, M. M. and Goodman, J. A. and Hampel-Arias, Z. and Harding, J. P. and Hernandez, S. and Hernandez-Almada, A. and Hona, B. and Hüntemeyer, P. and Iriarte, A. and Jardin-Blicq, A. and Joshi, V. and Kaufmann, S. and Kieda, D. and Lara, A. and Lauer, R. J. and Lennarz, D. and León Vargas, H. and Linnemann, J. T. and Longinotti, A. L. and Luis Raya, G. and Luna-García, R. and López-Coto, R. and Malone, K. and Marinelli, S. S. and Martinez, O. and Martinez-Castellanos, I. and Martínez-Castro, J. and Martínez-Huerta, H. and Matthews, J. A. and Miranda-Romagnoli, P. and Moreno, E. and Mostafá, M. and Nellen, L. and Newbold, M. and Nisa, M. U. and Noriega-Papaqui, R. and Pelayo, R. and Pretz, J. and Pérez-Pérez, E. G. and Ren, Z. and Rho, C. D. and Rivière, C. and Rosa-González, D. and Rosenberg, M. and Ruiz-Velasco, E. and Salazar, H. and Salesa Greus, F. and Sandoval, A. and Schneider, M. and Schoorlemmer, H. and Sinnis, G. and Smith, A. J. and Springer, R. W. and Surajbali, P. and Tibolla, O. and Tollefson, K. and Torres, I. and Ukwatta, T. N. and Weisgarber, T. and Westerhoff, S. and Wisher, I. G. and Wood, J. and Yapici, T. and Yodh, G. B. and Younk, P. W. and Zhou, H. and Álvarez, J. D. and Aab, A. and Abreu, P. and Aglietta, M. and Albuquerque, I. F. M. and Albury, J. M. and Allekotte, I. and Almela, A. and Alvarez Castillo, J. and Alvarez-Muñiz, J. and Anastasi, G. A. and Anchordoqui, L. and Andrada, B. and Andringa, S. and Aramo, C. and Arsene, N. and Asorey, H. and Assis, P. and Avila, G. and Badescu, A. M. and Balaceanu, A. and Barbato, F. and Barreira Luz, R. J. and Becker, K. H. and Bellido, J. A. and Berat, C. and Bertaina, M. E. and Bertou, X. and Biermann, P. L. and Biteau, J. and Blaess, S. G. and Blanco, A. and Blazek, J. and Bleve, C. and Boháčová, M. and Bonifazi, C. and Borodai, N. and Botti, A. M. and Brack, J. and Brancus, I. and Bretz, T. and Bridgeman, A. and Briechle, F. L. and Buchholz, P. and Bueno, A. and Buitink, S. and Buscemi, M. and Caballero-Mora, K. S. and Caccianiga, L. and Cancio, A. and Canfora, F. and Caruso, R. and Castellina, A. and Catalani, F. and Cataldi, G. and Cazon, L. and Chavez, A. G. and Chinellato, J. A. and Chudoba, J. and Clay, R. W. and Cobos Cerutti, A. C. and Colalillo, R. and Coleman, A. and Collica, L. and Coluccia, M. R. and Conceição, R. and Consolati, G. and Contreras, F. and Cooper, M. J. and Coutu, S. and Covault, C. E. and Cronin, J. and D’Amico, S. and Daniel, B. and Dasso, S. and Daumiller, K. and Dawson, B. R. and Day, J. A. and Almeida, R. M. de and Jong, S. J. de and Mauro, G. De and de Mello Neto, J. R. T. and Mitri, I. De and Oliveira, J. de and Souza, V. de and Debatin, J. and Deligny, O. and Díaz Castro, M. L. and Diogo, F. and Dobrigkeit, C. and D’Olivo, J. C. and Dorosti, Q. and Dos Anjos, R. C. and Dova, M. T. and Dundovic, A. and Ebr, J. and Engel, R. and Erdmann, M. and Erfani, M. and Escobar, C. O. and Espadanal, J. and Etchegoyen, A. and Falcke, H. and Farmer, J. and Farrar, G. and Fauth, A. C. and Fazzini, N. and Feldbusch, F. and Fenu, F. and Fick, B. and Figueira, J. M. and Filipčič, A. and Freire, M. M. and Fujii, T. and Fuster, A. and Gaïor, R. and García, B. and Gaté, F. and Gemmeke, H. and Gherghel-Lascu, A. and Ghia, P. L. and Giaccari, U. and Giammarchi, M. and Giller, M. and Głas, D. and Glaser, C. and Golup, G. and Gómez Berisso, M. and Gómez Vitale, P. F. and González, N. and Gorgi, A. and Gottowik, M. and Grillo, A. F. and Grubb, T. D. and Guarino, F. and Guedes, G. P. and Halliday, R. and Hampel, M. R. and Hansen, P. and Harari, D. and Harrison, T. A. and Harvey, V. M. and Haungs, A. and Hebbeker, T. and Heck, D. and Heimann, P. and Herve, A. E. and Hill, G. C. and Hojvat, C. and Holt, E. and Homola, P. and Hörandel, J. R. and Horvath, P. and Hrabovský, M. and Huege, T. and Hulsman, J. and Insolia, A. and Isar, P. G. and Jandt, I. and Johnsen, J. A. and Josebachuili, M. and Jurysek, J. and Kääpä, A. and Kampert, K. H. and Keilhauer, B. and Kemmerich, N. and Kemp, J. and Kieckhafer, R. M. and Klages, H. O. and Kleifges, M. and Kleinfeller, J. and Krause, R. and Krohm, N. and Kuempel, D. and Kukec Mezek, G. and Kunka, N. and Kuotb Awad, A. and Lago, B. L. and LaHurd, D. and Lang, R. G. and Lauscher, M. and Legumina, R. and Leigui de Oliveira, M. A. and Letessier-Selvon, A. and Lhenry-Yvon, I. and Link, K. and Lo Presti, D. and Lopes, L. and López, R. and López Casado, A. and Lorek, R. and Luce, Q. and Lucero, A. and Malacari, M. and Mallamaci, M. and Mandat, D. and Mantsch, P. and Mariazzi, A. G. and Maris, I. C. and Marsella, G. and Martello, D. and Martinez, H. and Martínez Bravo, O. and Masías Meza, J. J. and Mathes, H. J. and Mathys, S. and Matthews, J. and Matthiae, G. and Mayotte, E. and Mazur, P. O. and Medina, C. and Medina-Tanco, G. and Melo, D. and Menshikov, A. and Merenda, K.-D. and Michal, S. and Micheletti, M. I. and Middendorf, L. and Miramonti, L. and Mitrica, B. and Mockler, D. and Mollerach, S. and Montanet, F. and Morello, C. and Morlino, G. and Müller, A. L. and Müller, G. and Muller, M. A. and Müller, S. and Mussa, R. and Naranjo, I. and Nguyen, P. H. and Niculescu-Oglinzanu, M. and Niechciol, M. and Niemietz, L. and Niggemann, T. and Nitz, D. and Nosek, D. and Novotny, V. and Nožka, L. and Núñez, L. A. and Oikonomou, F. and Olinto, A. and Palatka, M. and Pallotta, J. and Papenbreer, P. and Parente, G. and Parra, A. and Paul, T. and Pech, M. and Pedreira, F. and Pekala, J. and Peña-Rodriguez, J. and Pereira, L. A. S. and Perlin, M. and Perrone, L. and Peters, C. and Petrera, S. and Phuntsok, J. and Pierog, T. and Pimenta, M. and Pirronello, V. and Platino, M. and Plum, M. and Poh, J. and Porowski, C. and Prado, R. R. and Privitera, P. and Prouza, M. and Quel, E. J. and Querchfeld, S. and Quinn, S. and Ramos-Pollan, R. and Rautenberg, J. and Ravignani, D. and Ridky, J. and Riehn, F. and Risse, M. and Ristori, P. and Rizi, V. and Rodrigues de Carvalho, W. and Rodriguez Fernandez, G. and Rodriguez Rojo, J. and Roncoroni, M. J. and Roth, M. and Roulet, E. and Rovero, A. C. and Ruehl, P. and Saffi, S. J. and Saftoiu, A. and Salamida, F. and Salazar, H. and Saleh, A. and Salina, G. and Sánchez, F. and Sanchez-Lucas, P. and Santos, E. M. and Santos, E. and Sarazin, F. and Sarmento, R. and Sarmiento-Cano, C. and Sato, R. and Schauer, M. and Scherini, V. and Schieler, H. and Schimp, M. and Schmidt, D. and Scholten, O. and Schovánek, P. and Schröder, F. G. and Schröder, S. and Schulz, A. and Schumacher, J. and Sciutto, S. J. and Segreto, A. and Shadkam, A. and Shellard, R. C. and Sigl, G. and Silli, G. and Šmída, R. and Snow, G. R. and Sommers, P. and Sonntag, S. and Soriano, J. F. and Squartini, R. and Stanca, D. and Stanič, S. and Stasielak, J. and Stassi, P. and Stolpovskiy, M. and Strafella, F. and Streich, A. and Suarez, F. and Suarez-Durán, M. and Sudholz, T. and Suomijärvi, T. and Supanitsky, A. D. and Šupík, J. and Swain, J. and Szadkowski, Z. and Taboada, A. and Taborda, O. A. and Timmermans, C. and Todero Peixoto, C. J. and Tomankova, L. and Tomé, B. and Torralba Elipe, G. and Travnicek, P. and Trini, M. and Tueros, M. and Ulrich, R. and Unger, M. and Urban, M. and Valdés Galicia, J. F. and Valiño, I. and Valore, L. and Aar, G. van and Bodegom, P. van and van den Berg, A. M. and Vliet, A. van and Varela, E. and Cárdenas, B. Vargas and Vázquez, R. A. and Veberič, D. and Ventura, C. and Vergara Quispe, I. D. and Verzi, V. and Vicha, J. and Villaseñor, L. and Vorobiov, S. and Wahlberg, H. and Wainberg, O. and Walz, D. and Watson, A. A. and Weber, M. and Weindl, A. and Wiedeński, M. and Wiencke, L. and Wilczyński, H. and Wirtz, M. and Wittkowski, D. and Wundheiler, B. and Yang, L. and Yushkov, A. and Zas, E. and Zavrtanik, D. and Zavrtanik, M. and Zepeda, A. and Zimmermann, B. and Ziolkowski, M. and Zong, Z. and Zuccarello, F. and Kim, S. and Schulze, S. and Bauer, F. E. and Corral-Santana, J. M. and de Gregorio-Monsalvo, I. and González-López, J. and Hartmann, D. H. and Ishwara-Chandra, C. H. and Martín, S. and Mehner, A. and Misra, K. and Michałowski, M. J. and Resmi, L. and Paragi, Z. and Agudo, I. and An, T. and Beswick, R. and Casadio, C. and Frey, S. and Jonker, P. and Kettenis, M. and Marcote, B. and Moldon, J. and Szomoru, A. and van Langevelde, H. J. and Yang, J. and Cwiek, A. and Cwiok, M. and Czyrkowski, H. and Dabrowski, R. and Kasprowicz, G. and Mankiewicz, L. and Nawrocki, K. and Opiela, R. and Piotrowski, L. W. and Wrochna, G. and Zaremba, M. and Żarnecki, A. F. and Haggard, D. and Nynka, M. and Ruan, J. J. and Bland, P. A. and Booler, T. and Devillepoix, H. A. R. and Gois, J. S. de and Hancock, P. J. and Howie, R. M. and Paxman, J. and Sansom, E. K. and Towner, M. C. and Tonry, J. and Coughlin, M. and Stubbs, C. W. and Denneau, L. and Heinze, A. and Stalder, B. and Weiland, H. and Eatough, R. P. and Kramer, M. and Kraus, A. and Troja, E. and Piro, L. and González, J. Becerra and Butler, N. R. and Fox, O. D. and Khandrika, H. G. and Kutyrev, A. and Lee, W. H. and Ricci, R. and Ryan Jr., R. E. and Sánchez-Ramírez, R. and Veilleux, S. and Watson, A. M. and Wieringa, M. H. and Burgess, J. M. and Eerten, H. van and Fontes, C. J. and Fryer, C. L. and Korobkin, O. and Wollaeger, R. T. and Camilo, F. and Foley, A. R. and Goedhart, S. and Makhathini, S. and Oozeer, N. and Smirnov, O. M. and Fender, R. P. and Woudt, P. A.},
  year      = {2017},
  month     = oct,
  pages     = {L12}
}

@article{TXS_Multi_2018,
  title     = {Multimessenger observations of a flaring blazar coincident with high-energy neutrino IceCube-170922A},
  volume    = {361},
  issn      = {1095-9203},
  url       = {http://dx.doi.org/10.1126/science.aat1378},
  doi       = {10.1126/science.aat1378},
  number    = {6398},
  journal   = {Science},
  publisher = {American Association for the Advancement of Science (AAAS)},
  author    = {Aartsen, Mark and Ackermann, Markus and Adams, Jenni and Aguilar, Juan Antonio and Ahlers, Markus and Ahrens, Maryon and Al Samarai, Imen and Altmann, David and Andeen, Karen and Anderson, Tyler and Ansseau, Isabelle and Anton, Gisela and Argüelles, Carlos and Auffenberg, Jan and Axani, Spencer and Bagherpour, Hadis and Bai, Xinhua and Barron, Jared and Barwick, Steve and Baum, Volker and Bay, Ryan and Beatty, James and Becker, Karl Heinz and Tjus, Julia and BenZvi, Segev and Berley, David and Bernardini, Elisa and Besson, David and Binder, Gary and Bindig, Daniel and Blaufuss, Erik and Blot, Summer and Bohm, Christian and Boerner, Mathis and Bos, Fabian and Boeser, Sebastian and Botner, Olga and Bourbeau, Etienne and Bourbeau, James and Bradascio, Federica and Braun, Jim and Brenzke, Martin and Bretz, Hans-Peter and Bron, Stephanie and Brostean-Kaiser, Jannes and Burgman, Alexander and Busse, Raffaela and Carver, Tessa and Cheng, Edward and Chirkin, Dmitry and Christov, Asen and Clark, Ken and Classen, Lew and Coenders, S. and Collin, Gabriel and Conrad, Janet and Coppin, Paul and Correa, Pablo and Cowen, Doug and Cross, Robert and Dave, Pranav and Day, Melanie and de Andre, Joao Pedro A M and De Clercq, Catherine and Delaunay, James and Dembinski, Hans and DeRidder, Sam and Desiati, Paolo and de Vries, Krijn and DeWasseige, Gwenhael and DeWith, Meike and DeYoung, Ty and Díaz-Vélez, Juan Carlos and Di Lorenzo, Vincenzo and Dujmovic, Hrvoje and Dumm, Jonathan and Dunkman, Matt and Dvorak, Emily and Eberhardt, Benjamin and Ehrhardt, Thomas and Eichmann, Bjorn and Eller, Philipp and Evenson, Paul and Fahey, Sam and Fazely, Ali and Felde, John and Filimonov, Kirill and Finley, Chad and Flis, Samuel and Franckowiak, Anna and Friedman, Elizabeth and Fritz, Alexander and Gaisser, Tom and Gallagher, Jay and Gerhardt, Lisa and Ghorbani, Kevin and Glauch, Theo and Gluesenkamp, Thorsten and Goldschmidt, Azriel and Gonzalez, Javier and Grant, Darren and Griffith, Zachary and Haack, Christian and Hallgren, Allan and Halzen, Francis and Hanson, Kael and Hebecker, Dustin and Heereman, David and Helbing, Klaus and Hellauer, Robert and Hickford, Stephanie and Hignight, Joshua and Hill, Gary and Hoffman, Kara and Hoffmann, Ruth and Hoinka, Tobias and Hokanson-Fasig, Benjamin and Hoshina, Kotoyo and Huang, Feifei and Huber, Matthias and Hultqvist, Klas and Huennefeld, Mirco and Hussain, Raamis and In, Seongjin and Iovine, Nadège and Ishihara, Aya and Jacobi, Emanuel and Japaridze, George and Jeong, Minjin and Jero, Kyle and Jones, Benjamin and Kalaczynski, Piotr and Kang, Woosik and Kappes, Alexander and Kappesser, David and Karg, Timo and Karle, Albrecht and Katz, Uli and Kauer, Matt and Keivani, Azadeh and Kelley, John and Kheirandish, Ali and Kim, JongHyun and Kim, Myoungchul and Kintscher, Thomas and Kiryluk, Joanna and Kittler, Thomas and Klein, Spencer and Koirala, Ramesh and Kolanoski, Hermann and Koepke, Lutz and Kopper, Claudio and Kopper, Sandro and Koschinsky, Jan Paul and Koskinen, Jason and Kowalski, Marek and Krings, Kai and Kroll, Mike and Krueckl, Gerald and Kunwar, Samridha and Kurahashi Neilson, Naoko and Kuwabara, Takao and Kyriacou, Alexander and Labare, Mathieu and Lanfranchi, Justin and Larson, Michael and Lauber, Frederik and Leonard, Kayla and Lesiak-Bzdak, Mariola and Leuermann, Martin and Liu, Qinrui and Lozano Mariscal, Cristian Jesús and Lu, Lu and Luenemann, Jan and Luszczak, William and Madsen, James and Maggi, Giuliano and Mahn, Kendall and Mancina, Sarah and Maruyama, Reina and Mase, Keiichi and Maunu, Ryan and Meagher, Kevin and Medici, Morten and Meier, Maximilian and Menne, Thorben and Merino, Gonzalo and Meures, Thomas and Miarecki, Sandy and Micallef, Jessie and Momente, Giulio and Montaruli, Teresa and Moore, Roger and Morse, Robert and Moulai, Marjon and Nahnhauer, Rolf and Nakarmi, Prabandha and Naumann, Uwe and Neer, Garrett and Niederhausen, Hans and Nowicki, Sarah and Nygren, Dave and Pollmann, Anna and Olivas, Alex and Murchadha, Aongus O and O’Sullivan, Erin and Palczewski, Tomasz and Pandya, Hershal and Pankova, Daria and Peiffer, Peter and Pepper, James and de los Heros, Carlos and Pieloth, Damian and Pinat, Elisa and Plum, Matthias and Price, Buford and Przybylski, Gerald and Raab, Christoph and Raedel, Leif and Rameez, Mohamed and Rauch, Ludwig and Rawlins, Katherine and Rea, Immacolata Carmen and Reimann, Rene and Relethford, Ben and Relich, Matt and Resconi, Elisa and Rhode, Wolfgang and Richman, Mike and Robertson, Sally and Rongen, Martin and Rott, Carsten and Ruhe, Tim and Ryckbosch, Dirk and Rysewyk, Devyn and Safa, Ibrahim and Saelzer, Tobias and Sanchez, Sebastian and Sandrock, Alexander and Sandroos, Joakim and Santander, Marcos and Sarkar, Sourav and Sarkar, Subir and Satalecka, Konstancja and Schlunder, Philipp and Schmidt, Torsten and Schneider, Austin and Schoenen, Sebastian and Schoneberg, Sebastian and Schumacher, Lisa and Sclanfani, Stephen and Seckel, Dave and Seunarine, Suruj and Soedingrekso, Jan and Soldin, Dennis and Song, Ming and Spiczak, Glenn and Spiering, Christian and Stachurska, Juliana and Stamatikos, Michael and Stanev, Todor and Stasik, Alexander and Stein, Robert and Stettner, Joeran and Steuer, Anna and Stezelberger, Thorsten and Stokstad, Robert and Stoessl, Achim and Strotjohann, Nora Linn and Stuttard, Thomas and Sullivan, Greg and Sutherland, Michael and Taboada, Ignacio and Tatar, Joulien and Tenholt, Frederik and Ter-Antonyan, Samvel and Terliuk, Andrii and Tilav, Serap and Toale, Pat and Tobin, Moriah and Toennis, Christoph and Toscano, Simona and Tosi, Delia and Tselengidou, Maria and Tung, ChunFai and Turcati, Andrea and Turley, Colin and Ty, Bunheng and Unger, Lisa and Usner, Marcel and Van Driessche, Ward and Van Eijk, Daan and van Eijndhoven, Nick and Vandenbroucke, Justin and Vanheule, Sander and van Santen, Jakob and Vogel, Eric and Vraeghe, Matthias and Walck, Christian and Wallace, Alexander and Wallraff, Marius and Wandler, Frank and Wandkowsky, Nancy and Waza, Aatif and Weaver, Chris and Weiss, Matthew and Wendt, Chris and Werthebach, Johannes and Westerhoff, Stefan and Whelan, Ben and Whitehorn, Nathan and Wiebe, Klaus and Wiebusch, Christopher and Wille, Logan and Williams, Dawn and Wills, Lizz and Wolf, Martin and Wood, Joshua and Wood, Tania and Woschnagg, Kurt and Xu, Donglian and Xu, Xianwu and Xu, Yiqian and Yanez, Juan Pablo and Yodh, Gaurang and Yoshida, Shigeru and Yuan, Tianlu and Abdollahi, Soheila and Ajello, Marco and Angioni, Roberto and Baldini, Luca and Ballet, Jean and Barbiellini, Guido and Bastieri, Denis and Bechtol, Keith and Bellazzini, Ronaldo and Berenji, Bijan and Bissaldi, Elisabetta and Blandford, Roger and Bonino, Raffaella and Bottacini, Eugenio and Bregeon, Johan and Bruel, Philippe and Büehler, Rolf and Burnett, Toby and Burns, Eric and Buson, Sara and Cameron, Rob and Caputo, Regina and Caraveo, Patrizia A. and Cavazzuti, Elisabetta and Charles, Eric and Chen, Sina and Cheung, Teddy and Chiang, James and Chiaro, Graziano and Ciprini, Stefano and Cohen-Tanugi, Johann and Conrad, Jan and Costantin, Denise and Cutini, Sara and D’Ammando, Filippo and de Palma, Francesco and Digel, Seth and Di Lalla, Niccolò and Di Mauro, Mattia and Di Venere, Leonardo and Domínguez, Alberto and Favuzzi, Cecilia and Franckowiak, Anna and Fukazawa, Yasushi and Funk, Stefan and Fusco, Piergiorgio and Gargano, Fabio and Gasparrini, Dario and Giglietto, Nico and Giomi, Matteo and Giommi, Paolo and Giordano, Francesco and Giroletti, Marcello and Glanzman, Thomas and Green, David and Grenier, Isabelle and Grondin, Marie-Hélène and Guiriec, Sylvain and Harding, Alice and Hayashida, Masaaki and Hays, Liz and Hewitt, John and Horan, Deirdre and Jóhannesson, Guölaugur and Kadler, Matthias and Kensei, Shiki and Kocevski, Daniel and Krauss, Felicia and Kreter, Michael and Kuss, Michael and La Mura, Giovanni and Larsson, Stefan and Latronico, Luca and Lemoine-Goumard, Marianne and Li, Jian and Longo, Francesco and Loparco, Francesco and Lovellette, Michael and Lubrano, Pasquale and Magill, Jeffrey and Maldera, Simone and Malyshev, Dmitry and Manfreda, Alberto and Mazziotta, Mario Nicola and McEnery, Julie and Meyer, Manuel and Michelson, Peter and Mizuno, Tsunefumi and Monzani, Maria Elena and Morselli, Aldo and Moskalenko, Igor and Negro, Michela and Nuss, Eric and Ojha, Roopesh and Omodei, Nicola and Orienti, Monica and Orlando, Elena and Palatiello, Michele and Paliya, Vaidehi and Perkins, Jeremy and Persic, Massimo and Pesce-Rollins, Melissa and Piron, Frederic and Porter, Troy and Principe, Giacomo and Rainò, Silvia and Rando, Riccardo and Rani, Bindu and Razzano, Massimiliano and Razzaque, Soebur and Reimer, Anita and Reimer, Olaf and Renault-Tinacci, Nicolas and Ritz, Steve and Rochester, Leon and Parkinson, Pablo Saz and Sgrò, Carmelo and Siskind, Eric J. and Spandre, Gloria and Spinelli, Paolo and Suson, Dan and Tajima, Hiro and Takahashi, Mitsunari and Tanaka, Yasuyuki and Thayer, Jana and Thompson, David J. and Tibaldo, Luigi and Torres, Diego F. and Torresi, Eleonora and Tosti, Gino and Troja, Eleonora and Valverde, Janeth Verónica and Vianello, Giacomo and Vogel, Matthew and Wood, Kent and Wood, Matthew and Zaharijas, Gabrijela and Ahnen, Max Ludwig and Ansoldi, Stefano and Antonelli, Lucio Angelo and Arcaro, Cornelia and Baack, Dominik and Babić, Ana and Banerjee, Biswajit and Bangale, Priyadarshini and Barres de Almeida, Ulisses and Barrio, Juan Abel and González, Josefa Becerra and Bednarek, Wlodek and Bernardini, Elisa and Berti, Alessio and Bhattacharyya, Wrijupan and Biland, Adrian and Blanch, Oscar and Bonnoli, Giacomo and Carosi, Roberto and Carosi, Alessandro and Ceribella, Giovanni and Chatterjee, Anshu and Colak, Sidika Merve and Colin, Pierre and Colombo, Eduardo and Contreras, Jose Luis and Cortina, Juan and Covino, Stefano and Cumani, Paolo and Da Vela, Paolo and Dazzi, Francesco and De Angelis, Alessandro and De Lotto, Barbara and Delfino, Manuel and Delgado, Jordi and Di Pierro, Federico and Domínguez, Alberto and Dominis Prester, Dijana and Dorner, Daniela and Doro, Michele and Einecke, Sabrina and Elsaesser, Dominik and Fallah Ramazani, Vandad and Fernández-Barral, Alba and Fidalgo, David and Foffano, Luca and Pfrang, Konstantin and Fonseca, Maria Victoria and Font, Lluis and Fruck, Christian and Galindo, Daniel and Gallozzi, Stefano and García López, Ramon J. and Garczarczyk, Markus and Gaug, Markus and Giammaria, Paola and Godinović, Nikola and Gora, Dariusz and Guberman, Daniel and Hadasch, Daniela and Hahn, Alexander and Hassan, Tarek and Hayashida, Masaaki and Herrera, Javier and Hose, Juergen and Hrupec, Dario and Inoue, Susumu and Ishio, Kazuma and Konno, Yusuke and Kubo, Hidetoshi and Kushida, Junko and Lelas, Damira and Lindfors, Elina and Lombardi, Saverio and Longo, Francesco and López, Marcos and Maggio, Camilla and Majumdar, Pratik and Makariev, Martin and Maneva, Galina and Manganaro, Marina and Mannheim, Karl and Maraschi, Laura and Mariotti, Mosé and Martínez, Manel and Masuda, Shu and Mazin, Daniel and Minev, Milen and Miranda, Jose Miguel and Mirzoyan, Razmik and Moralejo, Abelardo and Moreno, Victoria and Moretti, Elena and Nagayoshi, Tsutomu and Neustroev, Vitaly and Niedzwiecki, Andrzej and Nievas Rosillo, Mireia and Nigro, Cosimo and Nilsson, Kari and Ninci, Daniele and Nishijima, Kyoshi and Noda, Koji and Nogués, Leyre and Paiano, Simona and Palacio, Joaquim and Paneque, David and Paoletti, Riccardo and Paredes, Josep M. and Pedaletti, Giovanna and Peresano, Michele and Persic, Massimo and Prada Moroni, Pier Giorgio and Prandini, Elisa and Puljak, Ivica and Rodriguez, Jezabel and Reichardt, Ignasi and Rhode, Wolfgang and Ribó, Marc and Rico, Javier and Righi, Chiara and Rugliancich, Andrea and Saito, Takayuki and Satalecka, Konstancja and Schweizer, Thomas and Sitarek, Julian and Šnidarić, Iva and Sobczynska, Dorota and Stamerra, Antonio and Strzys, Marcel and Surić, Tihomir and Takahashi, Mitsunari and Tavecchio, Fabrizio and Temnikov, Petar and Terzić, Tomislav and Teshima, Masahiro and Torres-Albà, Nuria and Treves, Aldo and Tsujimoto, Shimpei and Vanzo, Gaia and Vazquez Acosta, Monica and Vovk, Ievgen and Ward, John E. and Will, Martin and Zarić, Darko and Franceschini, Alberto and Lucarelli, Fabrizio and Tavani, Marco and Piano, Giovanni and Donnarumma, Imma and Pittori, Carlotta and Verrecchia, Francesco and Barbiellini, Guido and Bulgarelli, Andrea and Caraveo, Patrizia and Cattaneo, Paolo Walter and Colafrancesco, Sergio and Costa, Enrico and Di Cocco, Guido and Ferrari, Attilio and Gianotti, Fulvio and Giuliani, Andrea and Lipari, Paolo and Mereghetti, Sandro and Morselli, Aldo and Pacciani, Luigi and Paoletti, Franco and Parmiggiani, Nicolò and Pellizzoni, Alberto and Picozza, Piergiorgio and Pilia, Maura and Rappoldi, Andrea and Trois, Alessio and Vercellone, Stefano and Vittorini, Valerio and Albert, Andrea and Alfaro, Ruben and Álvarez, César and Arceo, Roberto and Arteaga Velázquez, Juan Carlos and Avila Rojas, Daniel Omar and Ayala Solares, Hugo Alberto and Becerril, Ana Delia and Belmont-Moreno, Ernesto and Bernal, Abel and Caballero Mora, Karen S. and Capistrán Rojas, Tomás and Carramiñana, Alberto and Casanova, Sabrina and Castillo Maldonado, Mario Alberto and Cotti, Umberto and Cotzomi, Jorge and Coutiño de León, Sara and De León Acuña, Cederik León and De la Fuente, Eduardo and Hernandez, Raquel Diaz and Dichiara, Simone and Dingus, Brenda and DuVernois, Michael and Díaz Velez, Juan Carlos and Ellsworth, Robert and Engel, Kristi and Fiorino, Daniel W. and Fleischhack, Henrike and Fraija, Nissim Illich and García González, José Andrés and Garfias, Fernando and González, Maria Magdalena and Muñoz, Adiv González and Goodman, Jordan A. and Hampel-Arias, Zigfried and Harding, J. Patrick and Cadena, Sergio Hernandez and Hona, Binita and Hueyotl-Zahuantitla, Filiberto and Hui, Michelle and Hüntemeyer, Petra and Iriarte, Arturo and Jardin-Blicq, Armelle and Joshi, Vikas and Kaufmann, Sarah and Kunde, Gerd J. and Lara, Alejandro and Lauer, Robert and Lee, William and Lennarz, Dirk and Vargas, Hermes León and Linnemann, Jim and Longinotti, Anna Lia and Luis-Raya, Gilgamesh and Luna-García, Rene and Malone, Kelly and Marinelli, Samuel Stephens and Martinez, Oscar and Martinez Castellanos, Israel and Martínez Huerta, Humberto and Martínez Castro, Jesús and Matthews, John and Miranda-Romagnoli, Pedro and Moreno Barbosa, Eduardo and Mostafa, Miguel and Nayerhoda, Amid and Nellen, Lukas and Newbold, Michael and Nisa, Mehr Un and Noriega-Papaqui, Roberto and Pelayo, Rodrigo and Pretz, John and Pérez Pérez, Eucario Gonzalo and Ren, Zhixiang and Rho, Chang Dong and Rivière, Colas and González, Daniel Rosa and Rosenberg, Matthew and Ruiz-Velasco, Edna and Ruiz-Velasco, Enrique and Greus, Francisco Salesa and Sandoval, Andres and Schneider, Michael and Schoorlemmer, Harm and Sinnis, Gus and Smith, Andrew James and Springer, Wayne and Surajbali, Pooja and Tibolla, Omar and Tollefson, Kirsten and Torres, Ibrahim and Villaseñor, Luis and Weisgarber, Thomas and Werner, Felix and Yapici, Tolga and Yodh, Gaurang and Zepeda, Arnulfo and Zhou, Hao and Álvarez Romero, Juan de Dios and Abdalla, H. and Angüner, E. O. and Armand, C. and Backes, M. and Becherini, Y. and Berge, D. and Böttcher, M. and Boisson, C. and Bolmont, J. and Bonnefoy, S. and Bordas, P. and Brun, F. and Büchele, M. and Bulik, T. and Caroff, S. and Carosi, A. and Casanova, S. and Cerruti, M. and Chakraborty, N. and Chandra, S. and Chen, A. and Colafrancesco, S. and Davids, I. D. and Deil, C. and Devin, J. and Djannati-Ataï, A. and Egberts, K. and Emery, G. and Eschbach, S. and Fiasson, A. and Fontaine, G. and Funk, S. and Füßling, M. and Gallant, Y. A. and Gaté, F. and Giavitto, G. and Glawion, D. and Glicenstein, J. F. and Gottschall, D. and Grondin, M.-H. and Haupt, M. and Henri, G. and Hinton, J. A. and Hoischen, C. and Holch, T. L. and Huber, D. and Jamrozy, M. and Jankowsky, D. and Jankowsky, F. and Jouvin, L. and Jung-Richardt, I. and Kerszberg, D. and Khélifi, B. and King, J. and Klepser, S. and Kluźniak, W. and Komin, Nu. and Kraus, M. and Lefaucheur, J. and Lemière, A. and Lemoine-Goumard, M. and Lenain, J.-P. and Leser, E. and Lohse, T. and López-Coto, R. and Lorentz, M. and Lypova, I. and Marandon, V. and Martí-Devesa, G. Guillem and Maurin, G. and Mitchell, A.M.W. and Moderski, R. and Mohamed, M. and Mohrmann, L. and Moulin, E. and Murach, T. and de Naurois, M. and Niederwanger, F. and Niemiec, J. and Oakes, L. and O’Brien, P. and Ohm, S. and Ostrowski, M. and Oya, I. and Panter, M. and Parsons, R. D. and Perennes, C. and Piel, Q. and Pita, S. and Poireau, V. and Noel, A. Priyana and Prokoph, H. and Pühlhofer, G. and Quirrenbach, A. and Raab, S. and Rauth, R. and Renaud, M. and Rieger, F. and Rinchiuso, L. and Romoli, C. and Rowell, G. and Rudak, B. and Sanchez, D. A. and Sasaki, M. and Schlickeiser, R. and Schüssler, F. and Schulz, A. and Schwanke, U. and Seglar-Arroyo, M. and Shafi, N. and Simoni, R. and Sol, H. and Stegmann, C. and Steppa, C. and Tavernier, T. and Taylor, A. M. and Tiziani, D. and Trichard, C. and Tsirou, M. and van Eldik, C. and van Rensburg, C. and van Soelen, B. and Veh, J. and Vincent, P. and Voisin, F. and Wagner, S. J. and Wagner, R. M. and Wierzcholska, A. and Zanin, R. and Zdziarski, A. A. and Zech, A. and Ziegler, A. and Zorn, J. and Zywucka, N. and Savchenko, V. and Ferrigno, C. and Bazzano, A. and Diehl, R. and Kuulkers, E. and Laurent, P. and Mereghetti, S. and Natalucci, L. and Panessa, F. and Rodi, J. and Ubertini, P. and Morokuma, Tomoki and Ohta, Kouji and Tanaka, Yasuyuki T. and Mori, Hiroki and Yamanaka, Masayuki and Kawabata, Koji S. and Utsumi, Yousuke and Nakaoka, Tatsuya and Kawabata, Miho and Nagashima, Hiroki and Yoshida, Michitoshi and Matsuoka, Yoshiki and Itoh, Ryosuke and Keel, William and Copperwheat, Christopher and Steele, Iain and Cenko, S. Bradley and Evans, Philip and Fox, Derek and Kennea, Jamie and Marshall, Francis and Osborne, Julian and Tohuvavohu, Aaron and Turley, Colin and Cowen, Douglas and DeLaunay, James and Keivani, Azadeh and Santander, Marcos and Abeysekara, Anushka and Archer, Avery and Benbow, Wystan and Bird, Ralph and Brill, Aryeh and Brose, Robert and Buchovecky, Matthew and Buckley, James and Bugaev, Viatcheslav and Christiansen, Jodi and Connolly, Michael and Cui, Wei and Daniel, Michael and Errando, Manel and Falcone, Abraham and Feng, Qi and Finley, John and Fortson, Lucy and Furniss, Amy and Gueta, Orel and Hütten, Moritz and Hervet, Olivier and Hughes, Gareth and Humensky, Thomas and Johnson, Caitlin and Kaaret, Philip and Kar, Payel and Kelley-Hoskins, Nathan and Kertzman, Mary and Kieda, David and Krause, Maria and Krennrich, Frank and Kumar, Sajan and Lang, Mark and Lin, Tony and Maier, Gernot and McArthur, Steven and Moriarty, Patrick and Mukherjee, Reshmi and Nieto, Daniel and O’Brien, Stephen and Ong, Rene and Otte, Adam and Park, Nahee and Petrashyk, Andriy and Pohl, Martin and Popkow, Alexis and Pueschel, Elisa and Quinn, John and Ragan, Kenneth and Reynolds, Paul and Richards, Gregory and Roache, Emmet and Rulten, Cameron and Sadeh, Iftach and Santander, Marcos and Scott, Skyler and Sembroski, Glenn and Shahinyan, Karlen and Sushch, Iurii and Trépanier, Samuel and Tyler, Jonathan and Vassiliev, Vladimir and Wakely, Scott and Weinstein, Amanda and Wells, Rita and Wilcox, Patrick and Wilhelm, Alina and Williams, David and Zitzer, Benjamin and Tetarenko, Alexandra and Kimball, Amy and Miller-Jones, James and Sivakoff, Gregory},
  year      = {2018},
  month     = jul
}

@article{Galactic_plane_nu_2023,
  title     = {Observation of high-energy neutrinos from the Galactic plane},
  volume    = {380},
  issn      = {1095-9203},
  url       = {http://dx.doi.org/10.1126/science.adc9818},
  doi       = {10.1126/science.adc9818},
  number    = {6652},
  journal   = {Science},
  publisher = {American Association for the Advancement of Science (AAAS)},
  author    = {Abbasi, R. and Ackermann, M. and Adams, J. and Aguilar, J. A. and Ahlers, M. and Ahrens, M. and Alameddine, J. M. and Alves, A. A. and Amin, N. M. and Andeen, K. and Anderson, T. and Anton, G. and Argüelles, C. and Ashida, Y. and Athanasiadou, S. and Axani, S. and Bai, X. and Balagopal V., A. and Barwick, S. W. and Basu, V. and Baur, S. and Bay, R. and Beatty, J. J. and Becker, K.-H. and Tjus, J. Becker and Beise, J. and Bellenghi, C. and Benda, S. and BenZvi, S. and Berley, D. and Bernardini, E. and Besson, D. Z. and Binder, G. and Bindig, D. and Blaufuss, E. and Blot, S. and Boddenberg, M. and Bontempo, F. and Book, J. Y. and Borowka, J. and Böser, S. and Botner, O. and Böttcher, J. and Bourbeau, E. and Bradascio, F. and Braun, J. and Brinson, B. and Bron, S. and Brostean-Kaiser, J. and Burley, R. T. and Busse, R. S. and Campana, M. A. and Carnie-Bronca, E. G. and Chen, C. and Chen, Z. and Chirkin, D. and Choi, K. and Clark, B. A. and Clark, K. and Classen, L. and Coleman, A. and Collin, G. H. and Connolly, A. and Conrad, J. M. and Coppin, P. and Correa, P. and Cowen, D. F. and Cross, R. and Dappen, C. and Dave, P. and De Clercq, C. and DeLaunay, J. J. and López, D. Delgado and Dembinski, H. and Deoskar, K. and Desai, A. and Desiati, P. and de Vries, K. D. and de Wasseige, G. and DeYoung, T. and Diaz, A. and Díaz-Vélez, J. C. and Dittmer, M. and Dujmovic, H. and Dunkman, M. and DuVernois, M. A. and Ehrhardt, T. and Eller, P. and Engel, R. and Erpenbeck, H. and Evans, J. and Evenson, P. A. and Fan, K. L. and Fazely, A. R. and Fedynitch, A. and Feigl, N. and Fiedlschuster, S. and Fienberg, A. T. and Finley, C. and Fischer, L. and Fox, D. and Franckowiak, A. and Friedman, E. and Fritz, A. and Fürst, P. and Gaisser, T. K. and Gallagher, J. and Ganster, E. and Garcia, A. and Garrappa, S. and Gerhardt, L. and Ghadimi, A. and Glaser, C. and Glauch, T. and Glüsenkamp, T. and Goehlke, N. and Goldschmidt, A. and Gonzalez, J. G. and Goswami, S. and Grant, D. and Grégoire, T. and Griswold, S. and Günther, C. and Gutjahr, P. and Haack, C. and Hallgren, A. and Halliday, R. and Halve, L. and Halzen, F. and Minh, M. Ha and Hanson, K. and Hardin, J. and Harnisch, A. A. and Haungs, A. and Helbing, K. and Henningsen, F. and Hettinger, E. C. and Hickford, S. and Hignight, J. and Hill, C. and Hill, G. C. and Hoffman, K. D. and Hoshina, K. and Hou, W. and Huang, F. and Huber, M. and Huber, T. and Hultqvist, K. and Hünnefeld, M. and Hussain, R. and Hymon, K. and In, S. and Iovine, N. and Ishihara, A. and Jansson, M. and Japaridze, G. S. and Jeong, M. and Jin, M. and Jones, B. J. P. and Kang, D. and Kang, W. and Kang, X. and Kappes, A. and Kappesser, D. and Kardum, L. and Karg, T. and Karl, M. and Karle, A. and Katz, U. and Kauer, M. and Kellermann, M. and Kelley, J. L. and Kheirandish, A. and Kin, K. and Kiryluk, J. and Klein, S. R. and Kochocki, A. and Koirala, R. and Kolanoski, H. and Kontrimas, T. and Köpke, L. and Kopper, C. and Kopper, S. and Koskinen, D. J. and Koundal, P. and Kovacevich, M. and Kowalski, M. and Kozynets, T. and Krupczak, E. and Kun, E. and Kurahashi, N. and Lad, N. and Gualda, C. Lagunas and Lanfranchi, J. L. and Larson, M. J. and Lauber, F. and Lazar, J. P. and Lee, J. W. and Leonard, K. and Leszczyńska, A. and Li, Y. and Lincetto, M. and Liu, Q. R. and Liubarska, M. and Lohfink, E. and Mariscal, C. J. Lozano and Lu, L. and Lucarelli, F. and Ludwig, A. and Luszczak, W. and Lyu, Y. and Ma, W. Y. and Madsen, J. and Mahn, K. B. M. and Makino, Y. and Mancina, S. and Mariş, I. C. and Martinez-Soler, I. and Maruyama, R. and McCarthy, S. and McElroy, T. and McNally, F. and Mead, J. V. and Meagher, K. and Mechbal, S. and Medina, A. and Meier, M. and Meighen-Berger, S. and Merckx, Y. and Micallef, J. and Mockler, D. and Montaruli, T. and Moore, R. W. and Morik, K. and Morse, R. and Moulai, M. and Mukherjee, T. and Naab, R. and Nagai, R. and Nahnhauer, R. and Naumann, U. and Necker, J. and Nguyen, L. V. and Niederhausen, H. and Nisa, M. U. and Nowicki, S. C. and Nygren, D. and Pollmann, A. Obertacke and Oehler, M. and Oeyen, B. and Olivas, A. and O’Sullivan, E. and Pandya, H. and Pankova, D. V. and Park, N. and Parker, G. K. and Paudel, E. N. and Paul, L. and de los Heros, C. Pérez and Peters, L. and Peterson, J. and Philippen, S. and Pieper, S. and Pizzuto, A. and Plum, M. and Popovych, Y. and Porcelli, A. and Rodriguez, M. Prado and Pries, B. and Przybylski, G. T. and Raab, C. and Rack-Helleis, J. and Raissi, A. and Rameez, M. and Rawlins, K. and Rea, I. C. and Rechav, Z. and Rehman, A. and Reichherzer, P. and Reimann, R. and Renzi, G. and Resconi, E. and Reusch, S. and Rhode, W. and Richman, M. and Riedel, B. and Roberts, E. J. and Robertson, S. and Roellinghoff, G. and Rongen, M. and Rott, C. and Ruhe, T. and Ryckbosch, D. and Cantu, D. Rysewyk and Safa, I. and Saffer, J. and Salazar-Gallegos, D. and Sampathkumar, P. and Herrera, S. E. Sanchez and Sandrock, A. and Santander, M. and Sarkar, S. and Sarkar, S. and Satalecka, K. and Schaufel, M. and Schieler, H. and Schindler, S. and Schmidt, T. and Schneider, A. and Schneider, J. and Schröder, F. G. and Schumacher, L. and Schwefer, G. and Sclafani, S. and Seckel, D. and Seunarine, S. and Sharma, A. and Shefali, S. and Shimizu, N. and Silva, M. and Skrzypek, B. and Smithers, B. and Snihur, R. and Soedingrekso, J. and Sogaard, A. and Soldin, D. and Spannfellner, C. and Spiczak, G. M. and Spiering, C. and Stamatikos, M. and Stanev, T. and Stein, R. and Stettner, J. and Stezelberger, T. and Stokstad, B. and Stürwald, T. and Stuttard, T. and Sullivan, G. W. and Taboada, I. and Ter-Antonyan, S. and Thwaites, J. and Tilav, S. and Tischbein, F. and Tollefson, K. and Tönnis, C. and Toscano, S. and Tosi, D. and Trettin, A. and Tselengidou, M. and Tung, C. F. and Turcati, A. and Turcotte, R. and Turley, C. F. and Twagirayezu, J. P. and Ty, B. and Elorrieta, M. A. Unland and Valtonen-Mattila, N. and Vandenbroucke, J. and van Eijndhoven, N. and Vannerom, D. and van Santen, J. and Veitch-Michaelis, J. and Verpoest, S. and Walck, C. and Wang, W. and Watson, T. B. and Weaver, C. and Weigel, P. and Weindl, A. and Weiss, M. J. and Weldert, J. and Wendt, C. and Werthebach, J. and Weyrauch, M. and Whitehorn, N. and Wiebusch, C. H. and Willey, N. and Williams, D. R. and Wolf, M. and Wrede, G. and Wulff, J. and Xu, X. W. and Yanez, J. P. and Yildizci, E. and Yoshida, S. and Yu, S. and Yuan, T. and Zhang, Z. and Zhelnin, P.},
  year      = {2023},
  month     = jun,
  pages     = {1338–1343}
}

@misc{gap_note_2013,
    title={Search for Ultra-High Energy Neutrinos at the Pierre Auger Observatory},
    url={https://www.auger.org/gap-notes/download/5-gap-notes-2013/93-gap2013-013},
    author={Jose Luis Navarro Quirante},
    year={2012}
}
@article{Jungman_1996,
   title={Supersymmetric dark matter},
   volume={267},
   ISSN={0370-1573},
   url={http://dx.doi.org/10.1016/0370-1573(95)00058-5},
   DOI={10.1016/0370-1573(95)00058-5},
   number={5-6},
   journal={Physics Reports},
   publisher={Elsevier BV},
   author={Jungman, Gerard and Kamionkowski, Marc and Griest, Kim},
   year={1996},
   month={Mar},
   pages={195–373}
}
@misc{hess2018observationspenetratingradiationseven,
  title         = {On the Observations of the Penetrating Radiation during Seven Balloon Flights},
  author        = {Victor Hess},
  year          = {2018},
  eprint        = {1808.02927},
  archiveprefix = {arXiv},
  primaryclass  = {physics.hist-ph},
  url           = {https://arxiv.org/abs/1808.02927}
}
@article{PhysRev.36.606,
  title     = {On the Magnetic Deflection of Cosmic Rays},
  author    = {Rossi, Bruno},
  journal   = {Phys. Rev.},
  volume    = {36},
  issue     = {3},
  pages     = {606--606},
  numpages  = {0},
  year      = {1930},
  month     = {Aug},
  publisher = {American Physical Society},
  doi       = {10.1103/PhysRev.36.606},
  url       = {https://link.aps.org/doi/10.1103/PhysRev.36.606}
}

@article{PhysRev.43.834,
  title     = {The Azimuthal Asymmetry of the Cosmic Radiation},
  author    = {Johnson, Thomas H.},
  journal   = {Phys. Rev.},
  volume    = {43},
  issue     = {10},
  pages     = {834--835},
  numpages  = {0},
  year      = {1933},
  month     = {May},
  publisher = {American Physical Society},
  doi       = {10.1103/PhysRev.43.834},
  url       = {https://link.aps.org/doi/10.1103/PhysRev.43.834}
}

@article{PhysRev.43.835,
  title     = {A Positively Charged Component of Cosmic Rays},
  author    = {Alvarez, Luis and Compton, Arthur H.},
  journal   = {Phys. Rev.},
  volume    = {43},
  issue     = {10},
  pages     = {835--836},
  numpages  = {0},
  year      = {1933},
  month     = {May},
  publisher = {American Physical Society},
  doi       = {10.1103/PhysRev.43.835},
  url       = {https://link.aps.org/doi/10.1103/PhysRev.43.835}
}

@article{TA_2023,
  title     = {An extremely energetic cosmic ray observed by a surface detector array},
  volume    = {382},
  issn      = {1095-9203},
  url       = {http://dx.doi.org/10.1126/science.abo5095},
  doi       = {10.1126/science.abo5095},
  number    = {6673},
  journal   = {Science},
  publisher = {American Association for the Advancement of Science (AAAS)},
  author    = {Abbasi, R. U. and Allen, M. G. and Arimura, R. and Belz, J. W. and Bergman, D. R. and Blake, S. A. and Shin, B. K. and Buckland, I. J. and Cheon, B. G. and Fujii, T. and Fujisue, K. and Fujita, K. and Fukushima, M. and Furlich, G. D. and Gerber, Z. R. and Globus, N. and Hibino, K. and Higuchi, R. and Honda, K. and Ikeda, D. and Ito, H. and Iwasaki, A. and Jeong, S. and Jeong, H. M. and Jui, C. H. and Kadota, K. and Kakimoto, F. and Kalashev, O. E. and Kasahara, K. and Kawata, K. and Kharuk, I. and Kido, E. and Kim, S. W. and Kim, H. B. and Kim, J. H. and Kim, J. H. and Komae, I. and Kubota, Y. and Kuznetsov, M. Y. and Lee, K. H. and Lubsandorzhiev, B. K. and Lundquist, J. P. and Matthews, J. N. and Nagataki, S. and Nakamura, T. and Nakazawa, A. and Nonaka, T. and Ogio, S. and Ono, M. and Oshima, H. and Park, I. H. and Potts, M. and Pshirkov, S. and Remington, J. R. and Rodriguez, D. C. and Rott, C. and Rubtsov, G. I. and Ryu, D. and Sagawa, H. and Sakaki, N. and Sako, T. and Sakurai, N. and Shin, H. and Smith, J. D. and Sokolsky, P. and Stokes, B. T. and Stroman, T. S. and Takahashi, K. and Takeda, M. and Taketa, A. and Tameda, Y. and Thomas, S. and Thomson, G. B. and Tinyakov, P. G. and Tkachev, I. and Tomida, T. and Troitsky, S. V. and Tsunesada, Y. and Udo, S. and Urban, F. R. and Wong, T. and Yamazaki, K. and Yuma, Y. and Zhezher, Y. V. and Zundel, Z.},
  year      = {2023},
  month     = nov,
  pages     = {903–907}
}

@article{Busca_2006,
  title     = {Pierre Auger data, photons, and top-down cosmic ray models},
  volume    = {73},
  issn      = {1550-2368},
  url       = {http://dx.doi.org/10.1103/PhysRevD.73.123001},
  doi       = {10.1103/physrevd.73.123001},
  number    = {12},
  journal   = {Physical Review D},
  publisher = {American Physical Society (APS)},
  author    = {Busca, Nicolas and Hooper, Dan and Kolb, Edward W.},
  year      = {2006},
  month     = jun
}

@article{Bhattacharjee_2000,
  title     = {Origin and propagation of extremely high-energy cosmic rays},
  volume    = {327},
  issn      = {0370-1573},
  url       = {http://dx.doi.org/10.1016/S0370-1573(99)00101-5},
  doi       = {10.1016/s0370-1573(99)00101-5},
  number    = {3–4},
  journal   = {Physics Reports},
  publisher = {Elsevier BV},
  author    = {Bhattacharjee, Pijushpani and Sigl, Günter},
  year      = {2000},
  month     = apr,
  pages     = {109–247}
}
@article{1984ARA&A..22..425H,
  author  = {{Hillas}, A.~M.},
  title   = {{The Origin of Ultra-High-Energy Cosmic Rays}},
  journal = {Annual Review of Astronomy and Astrophysics},
  year    = 1984,
  month   = jan,
  volume  = {22},
  pages   = {425-444},
  doi     = {10.1146/annurev.aa.22.090184.002233},
  adsurl  = {https://ui.adsabs.harvard.edu/abs/1984ARA&A..22..425H},
  adsnote = {Provided by the SAO/NASA Astrophysics Data System}
}
@article{Blandford_2000,
  doi       = {10.1238/Physica.Topical.085a00191},
  url       = {https://dx.doi.org/10.1238/Physica.Topical.085a00191},
  year      = {2000},
  month     = {jan},
  publisher = {},
  volume    = {2000},
  number    = {T85},
  pages     = {191},
  author    = {R D Blandford},
  title     = {Acceleration of Ultra High Energy Cosmic Rays},
  journal   = {Physica Scripta},
  abstract  = {Some general features of cosmic ray acceleration are summarized along with some inferences that can be drawn concerning the origin of the UHE component. The UHE luminosity density is found to be similar to that derived for GeV cosmic rays and its slope suggests a distinct origin. Reports of clustering on small angular scale, if confirmed, would rule out most proposed source models. More generally, it is argued that the highest energy particles can only be accelerated in sites that can sustain an EMF  ℰ ≳ 3 × 1020 V and an associated power Lmin ≳ ℰ2/Z ~ 1039 W, where Z is the characteristic, electrical impedance, typically ≲ 100 Ω. Shock acceleration, unipolar induction and magnetic flares are the three most potent, observed, acceleration mechanisms and radio jet termination shocks, γ-ray blast waves, dormant black holes in galactic nuclei and magnetars are the least implausible, “conventional” manifestations of these mechanisms that have been invoked to explain the UHE cosmic rays. Each of these models presents problems and deciding between these and “exotic” origins for UHE cosmic rays, including those involving new particles or defects will require improved statistical information on the energies, arrival times and directions, as should be provided by the AUGER project.}
}
@article{1993A&A...272..161R,
  author        = {{Rachen}, J.~P. and {Biermann}, P.~L.},
  title         = {{Extragalactic ultra-high energy cosmic rays. I. Contribution from hot spots in FR-II radio galaxies.}},
  journal       = {Astronomy and Astrophysics},
  keywords      = {Astrophysics},
  year          = 1993,
  month         = may,
  volume        = {272},
  pages         = {161-175},
  doi           = {10.48550/arXiv.astro-ph/9301010},
  archiveprefix = {arXiv},
  eprint        = {astro-ph/9301010},
  primaryclass  = {astro-ph},
  adsurl        = {https://ui.adsabs.harvard.edu/abs/1993A&A...272..161R},
  adsnote       = {Provided by the SAO/NASA Astrophysics Data System}
}

@article{article_beam_purity,
author = {Banerjee, Dipanwita and Crivelli, Paolo and Rubbia, A.},
year = {2015},
month = {07},
pages = {},
title = {Beam Purity for Light Dark Matter Search in Beam Dump Experiments},
volume = {2015},
journal = {Advances in High Energy Physics},
doi = {10.1155/2015/105730}
}
@article{Depero:2017mrr,
      author         = "Depero, E. and others",
      title          = "{High purity 100 GeV electron identification with
                        synchrotron radiation}",
      journal        = "Nucl. Instrum. Meth.",
      volume         = "A866",
      year           = "2017",
      pages          = "196-201",
      doi            = "10.1016/j.nima.2017.05.028",
      eprint         = "1703.05993",
      archivePrefix  = "arXiv",
      primaryClass   = "physics.ins-det",
      SLACcitation   = "%%CITATION = ARXIV:1703.05993;%%"
}
@article{Gninenko:2013rka,
      author         = "Gninenko, S. N.",
      title          = "{Search for MeV dark photons in a
                        light-shining-through-walls experiment at CERN}",
      journal        = "Phys. Rev.",
      volume         = "D89",
      year           = "2014",
      number         = "7",
      pages          = "075008",
      doi            = "10.1103/PhysRevD.89.075008",
      eprint         = "1308.6521",
      archivePrefix  = "arXiv",
      primaryClass   = "hep-ph",
      SLACcitation   = "%%CITATION = ARXIV:1308.6521;%%"
}
@article{Banerjee_2018,
   title={Search for a Hypothetical 16.7 MeV Gauge Boson and Dark Photons in the NA64 Experiment at CERN},
   volume={120},
   ISSN={1079-7114},
   url={http://dx.doi.org/10.1103/PhysRevLett.120.231802},
   DOI={10.1103/physrevlett.120.231802},
   number={23},
   journal={Physical Review Letters},
   publisher={American Physical Society (APS)},
   author={Banerjee, D. and Burtsev, V. E. and Chumakov, A. G. and Cooke, D. and Crivelli, P. and Depero, E. and Dermenev, A. V. and Donskov, S. V. and Dusaev, R. R. and Enik, T. and et al.},
   year={2018},
   month={Jun}
}
@article{Arkani_Hamed_2009,
   title={A theory of dark matter},
   volume={79},
   ISSN={1550-2368},
   url={http://dx.doi.org/10.1103/PhysRevD.79.015014},
   DOI={10.1103/physrevd.79.015014},
   number={1},
   journal={Physical Review D},
   publisher={American Physical Society (APS)},
   author={Arkani-Hamed, Nima and Finkbeiner, Douglas P. and Slatyer, Tracy R. and Weiner, Neal},
   year={2009},
   month={Jan}
}
@article{Liu:2017htz,
      author         = "Liu, Yu-Sheng and Miller, Gerald A.",
      title          = "{Validity of the Weizsäcker-Williams approximation and
                        the analysis of beam dump experiments: Production of an
                        axion, a dark photon, or a new axial-vector boson}",
      journal        = "Phys. Rev.",
      volume         = "D96",
      year           = "2017",
      number         = "1",
      pages          = "016004",
      doi            = "10.1103/PhysRevD.96.016004",
      eprint         = "1705.01633",
      archivePrefix  = "arXiv",
      primaryClass   = "hep-ph",
      reportNumber   = "NT@UW-17-05",
      SLACcitation   = "%%CITATION = ARXIV:1705.01633;%%"
}
@article{CHARPAK200226,
title = "Micromegas, a multipurpose gaseous detector",
journal = "Nuclear Instruments and Methods in Physics Research Section A: Accelerators, Spectrometers, Detectors and Associated Equipment",
volume = "478",
number = "1",
pages = "26 - 36",
year = "2002",
note = "Proceedings of the ninth Int.Conf. on Instrumentation",
issn = "0168-9002",
doi = "https://doi.org/10.1016/S0168-9002(01)01713-2",
url = "http://www.sciencedirect.com/science/article/pii/S0168900201017132",
author = "G Charpak and J Derré and Y Giomataris and Ph Rebourgeard",
keywords = "Micromegas, Gaseous, Detector, Microstrip",
abstract = "In this paper the advantages of a new gaseous detector. Micromegas, are described. Some of its properties are given and the consequences are out-lined in a series of experiments related to charged particle localization, neutron imaging, gamma or X-ray imaging."
}
@article{Sauli:1977mt,
      author         = "Sauli, F.",
      title          = "{Principles of Operation of Multiwire Proportional and
                        Drift Chambers}",
      year           = "1977",
      reportNumber   = "CERN-77-09",
      SLACcitation   = "%%CITATION = CERN-77-09;%%"
}
@article{Giomataris:299159,
      author        = "Giomataris, Ioanis and Rebourgeard, P C and Robert, J P
                       and Charpak, Georges",
      title         = "{Micromegas: a high-granularity position-sensitive gaseous
                       detector for high particle-flux environments}",
      journal       = "Nucl. Instrum. Methods Phys. Res., A",
      number        = "DAPNIA-SED-95-04. 1",
      volume        = "376",
      pages         = "29-35. 20 p",
      month         = "Dec",
      year          = "1995",
      url           = "http://cds.cern.ch/record/299159",
      doi           = "10.1016/0168-9002(96)00175-1",
}
@article{SAULI20162,
title = "The gas electron multiplier (GEM): Operating principles and applications",
journal = "Nuclear Instruments and Methods in Physics Research Section A: Accelerators, Spectrometers, Detectors and Associated Equipment",
volume = "805",
pages = "2 - 24",
year = "2016",
note = "Special Issue in memory of Glenn F. Knoll",
issn = "0168-9002",
doi = "https://doi.org/10.1016/j.nima.2015.07.060",
url = "http://www.sciencedirect.com/science/article/pii/S0168900215008980",
author = "Fabio Sauli",
keywords = "Gas Electron Multiplier, GEM, Gaseous radiation detectors",
abstract = "Introduced by the author in 1997, The Gas Electron Multiplier (GEM) constitutes a powerful addition to the family of fast radiation detectors; originally developed for particle physics experiments, the device and has spawned a large number of developments and applications; a web search yields more than 400 articles on the subject. This note is an attempt to summarize the status of the design, developments and applications of the new detector."
}
@article{Ketzer:2001dt,
      author         = "Ketzer, B. and others",
      title          = "{Triple GEM tracking detectors for COMPASS}",
      journal        = "IEEE Trans. Nucl. Sci.",
      volume         = "49",
      year           = "2002",
      pages          = "2403-2410",
      doi            = "10.1109/TNS.2002.803891",
      reportNumber   = "CERN-OPEN-2002-004",
      SLACcitation   = "%%CITATION = IETNA,49,2403;%%"
}
@misc{Linear_regression,
    title={ (1962) "Linear Regression and Correlation." Ch. 15 in
		Mathematics of Statistics
		, Pt. 1, 3rd ed. Princeton, NJ:
		Van Nostrand, pp. 252-285},
    author={Kenney, J. F. and Keeping, E. S.},
    year={1962}
}
@article{Fruhwirth:1987fm,
      author         = "Fruhwirth, R.",
      title          = "{Application of Kalman filtering to track and vertex
                        fitting}",
      journal        = "Nucl. Instrum. Meth.",
      volume         = "A262",
      year           = "1987",
      pages          = "444-450",
      doi            = "10.1016/0168-9002(87)90887-4",
      reportNumber   = "HEPHY-PUB-87-503",
      SLACcitation   = "%%CITATION = NUIMA,A262,444;%%"
}
@article{Astier:412374,
      author        = "Astier, Pierre and Cardini, A and Cousins, R D and
                       Letessier-Selvon, A A and Popov, B A and Vinogradova, T G",
      title         = "{Kalman Filter Track Fits and Track Breakpoint Analysis}",
      journal       = "Nucl. Instrum. Methods Phys. Res., A",
      number        = "physics/9912034. 1",
      volume        = "450",
      pages         = "138-54",
      year          = "2000",
      reportNumber  = "physics/9912034",
      url           = "https://cds.cern.ch/record/412374",
      doi           = "10.1016/S0168-9002(00)00154-6",
}
@article{Banerjee:2017mdu,
      author         = "Banerjee, D. and others",
      title          = "{Performance of Multiplexed XY Resistive Micromegas
                        detectors in a high intensity beam}",
      journal        = "Nucl. Instrum. Meth.",
      volume         = "A881",
      year           = "2018",
      pages          = "72-81",
      doi            = "10.1016/j.nima.2017.10.067",
      eprint         = "1708.04087",
      archivePrefix  = "arXiv",
      primaryClass   = "physics.ins-det",
      SLACcitation   = "%%CITATION = ARXIV:1708.04087;%%"
}
@article{Blobel:2006yh,
      author         = "Blobel, V.",
      title          = "{Software alignment for tracking detectors}",
      booktitle      = "{Tracking in high multiplicity environments. Proceedings,
                        1st Workshop, TIME 2005, Zuerich, Switzerland, October
                        3-7, 2005}",
      journal        = "Nucl. Instrum. Meth.",
      volume         = "A566",
      year           = "2006",
      pages          = "5-13",
      doi            = "10.1016/j.nima.2006.05.157",
			url						 ="http://www.desy.de/~blobel/blobel_align.pdf",
      SLACcitation   = "%%CITATION = NUIMA,A566,5;%%"
}
@misc{Millepede,
    title={ Millepede II},
    author={Blobel V. and DESY},
    url = "http://www.desy.de/~kleinwrt/MP2/doc/html/index.html"
}
@inproceedings{Blobel:2002ax,
      author         = "Blobel, Volker and Kleinwort, Claus",
      title          = "{A New method for the high precision alignment of track
                        detectors}",
      booktitle      = "{Advanced Statistical Techniques in Particle Physics.
                        Proceedings, Conference, Durham, UK, March 18-22, 2002}",
      url            = "http://www.ippp.dur.ac.uk/Workshops/02/statistics/proceedings//blobel1.pdf",
      year           = "2002",
      eprint         = "hep-ex/0208021",
      archivePrefix  = "arXiv",
      primaryClass   = "hep-ex",
      reportNumber   = "DESY-02-077",
      SLACcitation   = "%%CITATION = HEP-EX/0208021;%%"
}
@proceedings{Blusk:2007zza,
      editor         = "Blusk, S. and Buchmuller, O. and Jacholkowski, A. and
                        Ruf, T. and Schieck, J. and Viret, S.",
      title          = "{Proceedings, first LHC Detector Alignment Workshop,
                        CERN, Geneva, Switzerland, 4-6 September 2006}",
      url            = "http://cdsweb.cern.ch/record/970621",
      year           = "2007",
      reportNumber   = "CERN-2007-004",
      SLACcitation   = "%%CITATION = CERN-2007-004;%%"
}
@thesis{PereiraDaCosta:1204557,
      author        = "Pereira Da Costa, Hugo",
      title         = "{Développement de chambres à dérive pour les hauts flux
                       dans l’expérience COMPASS}",
      year          = "2001",
      reportNumber  = "CERN-THESIS-2009-067",
      url           = "http://cds.cern.ch/record/1204557",
      note          = "Presented on 23 Nov 2001",
}
@misc{NASA,
    title={ Credit: X-ray: NASA/CXC/CfA/M.Markevitch et al.;
						Optical: NASA/STScI; Magellan/U.Arizona/D.Clowe et al.;
						Lensing Map: NASA/STScI; ESO WFI; Magellan/U.Arizona/D.Clowe et al.)},
    author={NASA},
    url = "https://chandra.harvard.edu/photo/2006/1e0657/more.html"
}
@article{Aker:2019uuj,
      author         = "Aker, M. and others",
      title          = "{An improved upper limit on the neutrino mass from a
                        direct kinematic method by KATRIN}",
      collaboration  = "KATRIN",
      journal        = "Phys. Rev. Lett.",
      volume         = "123",
      year           = "2019",
      number         = "22",
      pages          = "221802",
      doi            = "10.1103/PhysRevLett.123.221802",
      eprint         = "1909.06048",
      archivePrefix  = "arXiv",
      primaryClass   = "hep-ex",
      SLACcitation   = "%%CITATION = ARXIV:1909.06048;%%"
}
@misc{Quanta_magazine,
    title={ Evidence of a ‘Fifth Force’ Faces Scrutiny},
    author={Natalie Wolchover, Lucy Reading-Ikkanda(picture)},
    url = "https://www.quantamagazine.org/new-boson-claim-faces-scrutiny-20160607/"
}
@proceedings{2019EPJWC.21206005K,
       author = {{Kirsanov}, Mikhail},
        title = "{Recent results of the NA64 experiment at the CERN SPS}",
    booktitle = {European Physical Journal Web of Conferences},
         year = "2019",
       series = {European Physical Journal Web of Conferences},
       volume = {212},
        month = "Mar",
          eid = {06005},
        pages = {06005},
          doi = {10.1051/epjconf/201921206005},
       adsurl = {https://ui.adsabs.harvard.edu/abs/2019EPJWC.21206005K},
      adsnote = {Provided by the SAO/NASA Astrophysics Data System}
}
@techreport{Gninenko:2677228,
      author        = "Gninenko, S",
      title         = "{NA64 Status Report 2019}",
      institution   = "CERN",
      collaboration = "NA64 Collaboration",
      address       = "Geneva",
      number        = "CERN-SPSC-2019-024. SPSC-SR-255",
      month         = "Jun",
      year          = "2019",
      reportNumber  = "CERN-SPSC-2019-024",
      url           = "https://cds.cern.ch/record/2677228",
}
@article{article_GEM_pic,
author = {Murtas, Fabrizio and Croci, Gabriele and Pietropaolo, Antonino and Claps, G. and Frost, Christopher and Cippo, E and Raspino, Davide and Rebai, M. and Rhodes, Nigel and Schooneveld, E and Tardocchi, M and Gorini, Giuseppe},
year = {2012},
month = {07},
pages = {},
title = {Triple GEM gas detectors as real time fast neutron beam monitors for spallation neutron sources},
volume = {7},
journal = {Journal of Instrumentation - J INSTRUM},
doi = {10.1088/1748-0221/7/07/P07021}
}
@misc{GEM_field,
    title={ DESY TPC information},
    author={DESY},
    url = "https://flc.desy.de/tpc/basics/gem/index_eng.html"
}
@article{article_KALMAN,
author = {Kisel, Ivan},
year = {2014},
month = {06},
pages = {012022},
title = {Advances in tracking and trigger concepts},
volume = {523},
journal = {Journal of Physics: Conference Series},
doi = {10.1088/1742-6596/523/1/012022}
}
@PhDThesis{hosgen:2017,
  author =       {Michael H\"{o}sgen},
  title =        {GEM Detectors for the Tracking System of the Missing Energy Experiment NA64 at CERN SPS},
  type =         {Master Thesis},
  school =       {University of Bonn},
  year =         {2017},
  note =         {BONN-IR-2017-March2017}
}
@PhDThesis{nabeel:2018,
	author = "Nabeel Ahmed",
	title  = "Spurrekonstruktion im NA64 Experiment zur Suche nach Dunkler Materie",
	year   = "2018",
	note   = "Bachelor Thesis, University Bonn"
}
@article{PhysRevLett.13.508,
  title = {Broken Symmetries and the Masses of Gauge Bosons},
  author = {Higgs, Peter W.},
  journal = {Phys. Rev. Lett.},
  volume = {13},
  issue = {16},
  pages = {508--509},
  numpages = {0},
  year = {1964},
  month = {Oct},
  publisher = {American Physical Society},
  doi = {10.1103/PhysRevLett.13.508},
  url = {https://link.aps.org/doi/10.1103/PhysRevLett.13.508}
}
@article{Kors:2005uz,
      author         = "Kors, Boris and Nath, Pran",
      title          = "{Aspects of the Stueckelberg extension}",
      journal        = "JHEP",
      volume         = "07",
      year           = "2005",
      pages          = "069",
      doi            = "10.1088/1126-6708/2005/07/069",
      eprint         = "hep-ph/0503208",
      archivePrefix  = "arXiv",
      primaryClass   = "hep-ph",
      reportNumber   = "DESY-05-044, MIT-CTP-3612, NUB-TH-3254",
      SLACcitation   = "%%CITATION = HEP-PH/0503208;%%"
}
@article{Banerjee:2016tad,
      author         = "Banerjee, D. and others",
      title          = "{Search for invisible decays of sub-GeV dark photons in
                        missing-energy events at the CERN SPS}",
      collaboration  = "NA64",
      journal        = "Phys. Rev. Lett.",
      volume         = "118",
      year           = "2017",
      number         = "1",
      pages          = "011802",
      doi            = "10.1103/PhysRevLett.118.011802",
      eprint         = "1610.02988",
      archivePrefix  = "arXiv",
      primaryClass   = "hep-ex",
      SLACcitation   = "%%CITATION = ARXIV:1610.02988;%%"
}
@PhDThesis{Baust:2008,
	author = "A. Baust et al.",
	title  = "Design, construction and test of a GEM-detector",
	year   = "2008",
	note   = "Technical Thesis, Technical University Munich"
}
@article{STIGLER1974431,
title = "Gergonne's 1815 paper on the design and analysis of polynomial regression experiments",
journal = "Historia Mathematica",
volume = "1",
number = "4",
pages = "431 - 439",
year = "1974",
issn = "0315-0860",
doi = "https://doi.org/10.1016/0315-0860(74)90033-0",
url = "http://www.sciencedirect.com/science/article/pii/0315086074900330",
author = "Stephen M Stigler",
abstract = "Brief mention is made of early work in the design of experiments by Galen, Avicenna, and Laplace, after which a seemingly unknown 1815 paper of Gergonne's on polynomial regression is introduced and discussed, and a translation of the paper presented.
Résumé
Ce mémoire discute quelques oeuvres par Galen, Avicenne, et Laplace sur le plan d'expériences, et ensuite une mémoire de Gergonne de 1815 sur la régression polynôme est introduite et une traduction en anglais est presentée."
}
